% Encoding: UTF-8




@article{bohlinHST,
	Adsnote = {Provided by the SAO/NASA Astrophysics Data System},
	Adsurl = {http://adsabs.harvard.edu/abs/1996AJ....111.1743B},
	Author = {{Bohlin}, R.~C.},
	Date-Added = {2017-11-15 10:16:36 +0000},
	Date-Modified = {2017-11-15 10:16:36 +0000},
	Doi = {10.1086/117914},
	Journal = {\aj},
	Keywords = {INSTRUMENTATION: SPECTROGRAPHS, TECHNIQUES: SPECTROSCOPIC},
	Month = apr,
	Pages = {1743},
	Title = {{Spectrophotometric Standards From the Far-UV to the Near-IR on the White Dwarf Flux Scale}},
	Volume = 111,
	Year = 1996,
	Bdsk-Url-1 = {http://dx.doi.org/10.1086/117914}}

@article{girish2017,
	Adsnote = {Provided by the SAO/NASA Astrophysics Data System},
	Adsurl = {http://cdsads.u-strasbg.fr/abs/2017ExA....43...59G},
	Archiveprefix = {arXiv},
	Author = {{Girish}, V. and {Tandon}, S.~N. and {Sriram}, S. and {Kumar}, A. and {Postma}, J.},
	Date-Added = {2017-11-15 10:16:36 +0000},
	Date-Modified = {2017-11-15 10:16:36 +0000},
	Doi = {10.1007/s10686-016-9520-3},
	Eprint = {1612.07438},
	Journal = {Experimental Astronomy},
	Keywords = {Distortions, UV telescope and instrumentation, UV imaging, Distortion map},
	Month = feb,
	Pages = {59-74},
	Primaryclass = {astro-ph.IM},
	Title = {{Mapping distortion of detectors in UVIT onboard AstroSat observatory}},
	Volume = 43,
	Year = 2017,
	Bdsk-Url-1 = {http://dx.doi.org/10.1007/s10686-016-9520-3}}

@Article{murthyUVX,
  author   = {{Murthy}, J. and {Henry}, R.~C. and {Feldman}, P.~D. and {Tennyson}, P.~D.},
  title    = {{The Diffuse Far-Ultraviolet Cosmic Background Radiation Field Observed from the Space Shuttle}},
  journal  = {\apj},
  year     = {1989},
  volume   = {336},
  pages    = {954},
  month    = jan,
  adsnote  = {Provided by the SAO/NASA Astrophysics Data System},
  adsurl   = {https://ui.adsabs.harvard.edu/abs/1989ApJ...336..954M},
  doi      = {10.1086/167065},
  keywords = {Astronomical Spectroscopy, Far Ultraviolet Radiation, Radiation Distribution, Relic Radiation, Ultraviolet Astronomy, Brightness Distribution, Emission Spectra, Sky Surveys (Astronomy), Space Shuttles, Space Radiation, ULTRAVIOLET: SPECTRA},
}



@article{Hutchings2014,
	Adsnote = {Provided by the SAO/NASA Astrophysics Data System},
	Adsurl = {http://adsabs.harvard.edu/abs/2014Ap%26SS.354..143H},
	Author = {{Hutchings}, J.~B.},
	Date-Added = {2017-11-15 10:16:36 +0000},
	Date-Modified = {2017-11-15 10:16:36 +0000},
	Doi = {10.1007/s10509-014-1953-4},
	Journal = {\apss},
	Keywords = {Ultraviolet, Telescope, Imaging, Space},
	Month = nov,
	Pages = {143-146},
	Title = {{The UVIT telescopes on the Astrosat observatory}},
	Volume = {354},
	Year = {2014},
	Bdsk-Url-1 = {http://dx.doi.org/10.1007/s10509-014-1953-4}}

@inproceedings{Kumar2012,
	Adsnote = {Provided by the SAO/NASA Astrophysics Data System},
	Adsurl = {http://adsabs.harvard.edu/abs/2012SPIE.8443E..1NK},
	Archiveprefix = {arXiv},
	Author = {{Kumar}, A. and {Ghosh}, S.~K. and {Hutchings}, J. and {Kamath}, P.~U. and {Kathiravan}, S. and {Mahesh}, P.~K. and {Murthy}, J. and {Nagbhushana}, S. and {Pati}, A.~K. and {Rao}, M.~N. and {Rao}, N.~K. and {Sriram}, S. and {Tandon}, S.~N.},
	Booktitle = {Space Telescopes and Instrumentation 2012: Ultraviolet to Gamma Ray},
	Date-Added = {2017-11-15 10:16:36 +0000},
	Date-Modified = {2017-11-15 10:16:36 +0000},
	Doi = {10.1117/12.924507},
	Eid = {84431N},
	Eprint = {1208.4670},
	Month = sep,
	Pages = {84431N},
	Primaryclass = {astro-ph.IM},
	Series = {\procspie},
	Title = {{Ultra Violet Imaging Telescope (UVIT) on ASTROSAT}},
	Volume = 8443,
	Year = 2012,
	Bdsk-Url-1 = {http://dx.doi.org/10.1117/12.924507}}

@inproceedings{Landsman1995,
	Adsnote = {Provided by the SAO/NASA Astrophysics Data System},
	Adsurl = {http://adsabs.harvard.edu/abs/1995ASPC...77..437L},
	Author = {{Landsman}, W.~B.},
	Booktitle = {Astronomical Data Analysis Software and Systems IV},
	Date-Added = {2017-11-15 10:16:36 +0000},
	Date-Modified = {2017-11-15 10:16:36 +0000},
	Editor = {{Shaw}, R.~A. and {Payne}, H.~E. and {Hayes}, J.~J.~E.},
	Pages = {437},
	Series = {Astronomical Society of the Pacific Conference Series},
	Title = {{The IDL Astronomy User's Library}},
	Volume = {77},
	Year = {1995}}

@inproceedings{mpfit2009,
	Adsnote = {Provided by the SAO/NASA Astrophysics Data System},
	Adsurl = {http://adsabs.harvard.edu/abs/2009ASPC..411..251M},
	Archiveprefix = {arXiv},
	Author = {{Markwardt}, C.~B.},
	Booktitle = {Astronomical Data Analysis Software and Systems XVIII},
	Date-Added = {2017-11-15 10:16:36 +0000},
	Date-Modified = {2017-11-15 10:16:36 +0000},
	Editor = {{Bohlender}, D.~A. and {Durand}, D. and {Dowler}, P.},
	Eprint = {0902.2850},
	Month = sep,
	Pages = {251},
	Primaryclass = {astro-ph.IM},
	Series = {Astronomical Society of the Pacific Conference Series},
	Title = {{Non-linear Least-squares Fitting in IDL with MPFIT}},
	Volume = {411},
	Year = {2009}}

@misc{Murthy_ascl,
	Adsnote = {Provided by the SAO/NASA Astrophysics Data System},
	Adsurl = {http://adsabs.harvard.edu/abs/2016ascl.soft07007M},
	Archiveprefix = {ascl},
	Author = {{Murthy}, J. and {Rahna}, P.~T. and {Safonova}, M. and {Sutaria}, F. and {Gudennavar}, S.~B. and {Bubbly}, S.~G.},
	Date-Added = {2017-11-15 10:16:36 +0000},
	Date-Modified = {2017-11-15 10:16:36 +0000},
	Doi = {10.5281/zenodo.56840},
	Eprint = {1607.007},
	Howpublished = {Astrophysics Source Code Library},
	Keywords = {Software},
	Month = jul,
	Title = {{JUDE: An Utraviolet Imaging Telescope pipeline}},
	Year = {2016},
	Bdsk-Url-1 = {http://dx.doi.org/10.5281/zenodo.56840}}

@article{Pati1999,
	Adsnote = {Provided by the SAO/NASA Astrophysics Data System},
	Adsurl = {http://adsabs.harvard.edu/abs/1999BASI...27..295P},
	Author = {{Pati}, A.~K.},
	Date-Added = {2017-11-15 10:16:36 +0000},
	Date-Modified = {2017-11-15 10:16:36 +0000},
	Journal = {Bulletin of the Astronomical Society of India},
	Pages = {295},
	Title = {{Proposed UV - optical payload for the Indian astronomy satellite}},
	Volume = {27},
	Year = {1999}}

@article{FITS2010,
	Adsnote = {Provided by the SAO/NASA Astrophysics Data System},
	Adsurl = {http://adsabs.harvard.edu/abs/2010A%26A...524A..42P},
	Author = {{Pence}, W.~D. and {Chiappetti}, L. and {Page}, C.~G. and {Shaw}, R.~A. and {Stobie}, E.},
	Date-Added = {2017-11-15 10:16:36 +0000},
	Date-Modified = {2017-11-15 10:16:36 +0000},
	Doi = {10.1051/0004-6361/201015362},
	Eid = {A42},
	Journal = {\aap},
	Keywords = {instrumentation: miscellaneous, methods: miscellaneous, techniques: miscellaneous, reference systems, standards, astronomical databases: miscellaneous},
	Month = dec,
	Pages = {A42},
	Title = {{Definition of the Flexible Image Transport System (FITS), version 3.0}},
	Volume = {524},
	Year = {2010},
	Bdsk-Url-1 = {http://dx.doi.org/10.1051/0004-6361/201015362}}

@article{Ravichandran,
	Adsnote = {Provided by the SAO/NASA Astrophysics Data System},
	Adsurl = {http://adsabs.harvard.edu/abs/2013Ap%26SS.344..361R},
	Archiveprefix = {arXiv},
	Author = {{Ravichandran}, S. and {Preethi}, K. and {Safonova}, M. and {Murthy}, J.},
	Date-Added = {2017-11-15 10:16:36 +0000},
	Date-Modified = {2017-11-15 10:16:36 +0000},
	Doi = {10.1007/s10509-013-1359-8},
	Eprint = {1301.0686},
	Journal = {\apss},
	Keywords = {GALEX: Space missions: UVIT, SDSS, Interstellar medium: extinction},
	Month = apr,
	Pages = {361-364},
	Primaryclass = {astro-ph.IM},
	Title = {{Large scale extinction maps with UVIT}},
	Volume = 344,
	Year = 2013,
	Bdsk-Url-1 = {http://dx.doi.org/10.1007/s10509-013-1359-8}}

@misc{Rodrigo2012,
	Adsnote = {Provided by the SAO/NASA Astrophysics Data System},
	Adsurl = {http://adsabs.harvard.edu/abs/2012ivoa.rept.1015R},
	Author = {{Rodrigo}, C. and {Solano}, E. and {Bayo}, A.},
	Date-Added = {2017-11-15 10:16:36 +0000},
	Date-Modified = {2017-11-15 10:16:36 +0000},
	Editor = {{Rodrigo}, C.},
	Howpublished = {IVOA Working Draft 15 October 2012},
	Month = oct,
	Title = {{SVO Filter Profile Service Version 1.0}},
	Year = {2012}}

@inproceedings{Shupe2005,
	Adsnote = {Provided by the SAO/NASA Astrophysics Data System},
	Adsurl = {http://adsabs.harvard.edu/abs/2005ASPC..347..491S},
	Author = {{Shupe}, D.~L. and {Moshir}, M. and {Li}, J. and {Makovoz}, D. and {Narron}, R. and {Hook}, R.~N.},
	Booktitle = {Astronomical Data Analysis Software and Systems XIV},
	Date-Added = {2017-11-15 10:16:36 +0000},
	Date-Modified = {2017-11-15 10:16:36 +0000},
	Editor = {{Shopbell}, P. and {Britton}, M. and {Ebert}, R.},
	Month = dec,
	Pages = {491},
	Series = {Astronomical Society of the Pacific Conference Series},
	Title = {{The SIP Convention for Representing Distortion in FITS Image Headers}},
	Volume = 347,
	Year = 2005}

@inproceedings{Singh2014,
	Adsnote = {Provided by the SAO/NASA Astrophysics Data System},
	Adsurl = {http://adsabs.harvard.edu/abs/2014SPIE.9144E..1SS},
	Author = {{Singh}, K.~P. and {Tandon}, S.~N. and {Agrawal}, P.~C. and {Antia}, H.~M. and {Manchanda}, R.~K. and {Yadav}, J.~S. and {Seetha}, S. and {Ramadevi}, M.~C. and {Rao}, A.~R. and {Bhattacharya}, D. and {Paul}, B. and {Sreekumar}, P. and {Bhattacharyya}, S. and {Stewart}, G.~C. and {Hutchings}, J. and {Annapurni}, S.~A. and {Ghosh}, S.~K. and {Murthy}, J. and {Pati}, A. and {Rao}, N.~K. and {Stalin}, C.~S. and {Girish}, V. and {Sankarasubramanian}, K. and {Vadawale}, S. and {Bhalerao}, V.~B. and {Dewangan}, G.~C. and {Dedhia}, D.~K. and {Hingar}, M.~K. and {Katoch}, T.~B. and {Kothare}, A.~T. and {Mirza}, I. and {Mukerjee}, K. and {Shah}, H. and {Shah}, P. and {Mohan}, R. and {Sangal}, A.~K. and {Nagabhusana}, S. and {Sriram}, S. and {Malkar}, J.~P. and {Sreekumar}, S. and {Abbey}, A.~F. and {Hansford}, G.~M. and {Beardmore}, A.~P. and {Sharma}, M.~R. and {Murthy}, S. and {Kulkarni}, R. and {Meena}, G. and {Babu}, V.~C. and {Postma}, J.},
	Booktitle = {Space Telescopes and Instrumentation 2014: Ultraviolet to Gamma Ray},
	Date-Added = {2017-11-15 10:16:36 +0000},
	Date-Modified = {2017-11-15 10:16:36 +0000},
	Doi = {10.1117/12.2062667},
	Eid = {91441S},
	Month = jul,
	Pages = {91441S},
	Series = {\procspie},
	Title = {{ASTROSAT mission}},
	Volume = 9144,
	Year = 2014,
	Bdsk-Url-1 = {http://dx.doi.org/10.1117/12.2062667}}

@article{Stetson1987,
	Adsnote = {Provided by the SAO/NASA Astrophysics Data System},
	Adsurl = {http://adsabs.harvard.edu/abs/1987PASP...99..191S},
	Author = {{Stetson}, P.~B.},
	Date-Added = {2017-11-15 10:16:36 +0000},
	Date-Modified = {2017-11-15 10:16:36 +0000},
	Doi = {10.1086/131977},
	Journal = {\pasp},
	Keywords = {Algorithms, Astronomical Photometry, Computer Programs, Charge Coupled Devices, Color-Magnitude Diagram, Magellanic Clouds, Point Spread Functions, Television Cameras},
	Month = mar,
	Pages = {191-222},
	Title = {{DAOPHOT - A computer program for crowded-field stellar photometry}},
	Volume = 99,
	Year = 1987,
	Bdsk-Url-1 = {http://dx.doi.org/10.1086/131977}}

@inproceedings{Subramaniam2016,
	Adsnote = {Provided by the SAO/NASA Astrophysics Data System},
	Adsurl = {http://adsabs.harvard.edu/abs/2016SPIE.9905E..1FS},
	Archiveprefix = {arXiv},
	Author = {{Subramaniam}, A. and {Tandon}, S.~N. and {Hutchings}, J. and {Ghosh}, S.~K. and {George}, K. and {Girish}, V. and {Kamath}, P.~U. and {Kathiravan}, S. and {Kumar}, A. and {Lancelot}, J.~P. and {Mahesh}, P.~K. and {Mohan}, R. and {Murthy}, J. and {Nagabhushana}, S. and {Pati}, A.~K. and {Postma}, J. and {Rao}, N.~K. and {Sankarasubramanian}, K. and {Sreekumar}, P. and {Sriram}, S. and {Stalin}, C.~S. and {Sutaria}, F. and {Sreedhar}, Y.~H. and {Barve}, I.~V. and {Mondal}, C. and {Sahu}, S.},
	Booktitle = {Society of Photo-Optical Instrumentation Engineers (SPIE) Conference Series},
	Date-Added = {2017-11-15 10:16:36 +0000},
	Date-Modified = {2017-11-15 10:16:36 +0000},
	Doi = {10.1117/12.2235271},
	Eid = {99051F},
	Eprint = {1608.01073},
	Month = jul,
	Pages = {99051F},
	Primaryclass = {astro-ph.IM},
	Series = {Proc. SPIE},
	Title = {{In-orbit performance of UVIT on ASTROSAT}},
	Volume = 9905,
	Year = 2016,
	Bdsk-Url-1 = {http://dx.doi.org/10.1117/12.2235271}}

@article{Tandon2017,
	Adsnote = {Provided by the SAO/NASA Astrophysics Data System},
	Adsurl = {http://adsabs.harvard.edu/abs/2017arXiv170503715T},
	Archiveprefix = {arXiv},
	Author = {{Tandon}, S.~N. and {Subramaniam}, A. and {Girish}, V. and {Postma}, J. and {Sankarasubramanian}, K. and {Sriram}, S. and {Stalin}, C.~S. and {Mondal}, C. and {Joseph}, S.~S.~P. and {Hutchings}, J. and {Ghosh}, S.~K. and {Barve}, I.~V. and {George}, K. and {Kamath}, P.~U. and {Kathiravan}, S. and {Kumar}, A. and {Lancelot}, J.~P. and {Mahesh}, P.~K. and {Mohan}, R. and {Nagabhushana}, S. and {Pati}, A.~K. and {Kameswara Rao}, N. and {Sreedhar}, Y.~H. and {Sreekumar}, P. and {Sutaria}, F.},
	Date-Added = {2017-11-15 10:16:36 +0000},
	Date-Modified = {2017-11-15 10:16:36 +0000},
	Eprint = {1705.03715},
	Journal = {ArXiv e-prints},
	Keywords = {Astrophysics - Instrumentation and Methods for Astrophysics},
	Month = may,
	Primaryclass = {astro-ph.IM},
	Title = {{In-orbit Calibrations of the Ultra-Violet Imaging Telescope}},
	Year = 2017}

@article{Tandon2016,
	Adsnote = {Provided by the SAO/NASA Astrophysics Data System},
	Adsurl = {http://adsabs.harvard.edu/abs/2016arXiv161200612T},
	Archiveprefix = {arXiv},
	Author = {{Tandon}, S.~N. and {Hutchings}, J.~B. and {Ghosh}, S.~K. and {Subramaniam}, A. and {Koshy}, G. and {Girish V}, V. and {Kamath}, P.~U. and {Kathiravan}, s. and {Kumar}, A. and {Lancelot}, J.~P. and {Mahesh}, P.~K. and {Mohan}, R. and {Murthy}, J. and {Nagabhushana}, S. and {Pati A}, A.~K. and {Postma}, J. and {Kameswara Rao}, N. and {Sankarasubramanian}, K. and {Sreekumar}, P. and {Sriram}, S. and {Stalin}, C.~S. and {Sutaria}, F. and {Sreedhar}, Y.~H. and {Barve}, I.~V. and {Mondal}, C. and {Sahu}, S.},
	Date-Added = {2017-11-15 10:16:36 +0000},
	Date-Modified = {2017-11-15 10:16:36 +0000},
	Eprints = {{1612.00612}},
	Journal = {Eprint arXiv:1612.00612},
	Keywords = {Astrophysics - Instrumentation and Methods for Astrophysics},
	Month = dec,
	Primaryclass = {astro-ph.IM},
	Title = {{In-orbit Performance of UVIT and First Results}},
	Year = 2016}

@article{Murthyvoy_all,
	Adsnote = {Provided by the SAO/NASA Astrophysics Data System},
	Adsurl = {http://adsabs.harvard.edu/abs/2012ApJS..199...11M},
	Author = {{Murthy}, J. and {Conn Henry}, R. and {Holberg}, J.~B.},
	Date-Added = {2017-11-09 07:07:27 +0000},
	Date-Modified = {2017-11-09 07:07:54 +0000},
	Doi = {10.1088/0067-0049/199/1/11},
	Eid = {11},
	Journal = {\apjs},
	Keywords = {surveys, ultraviolet: ISM},
	Month = mar,
	Pages = {11},
	Title = {{Voyager Observations of the Diffuse Far-ultraviolet Radiation Field}},
	Volume = 199,
	Year = 2012,
	Bdsk-Url-1 = {http://dx.doi.org/10.1088/0067-0049/199/1/11}}

@article{Toller_EBL,
	Adsnote = {Provided by the SAO/NASA Astrophysics Data System},
	Adsurl = {http://adsabs.harvard.edu/abs/1983ApJ...266L..79T},
	Author = {{Toller}, G.~N.},
	Date-Added = {2017-11-09 06:07:44 +0000},
	Date-Modified = {2017-11-09 06:08:08 +0000},
	Doi = {10.1086/183982},
	Journal = {\apjl},
	Keywords = {Astronomical Photometry, Background Radiation, Light (Visible Radiation), Sky Brightness, Big Bang Cosmology, Galactic Evolution, Near Ultraviolet Radiation, Pioneer 10 Space Probe, Polarimetry, Zodiacal Light},
	Month = mar,
	Pages = {L79-L82},
	Title = {{The extragalactic background light at 4400 A}},
	Volume = 266,
	Year = 1983,
	Bdsk-Url-1 = {http://dx.doi.org/10.1086/183982}}

@inproceedings{nh_slater_2005,
	Adsnote = {Provided by the SAO/NASA Astrophysics Data System},
	Adsurl = {http://adsabs.harvard.edu/abs/2005SPIE.5906..368S},
	Author = {{Slater}, D.~C. and {Davis}, M.~W. and {Olkin}, C.~B. and {Scherrer}, J. and {Stern}, S.~A.},
	Booktitle = {Astrobiology and Planetary Missions},
	Date-Added = {2017-10-17 04:39:48 +0000},
	Date-Modified = {2017-10-17 04:40:12 +0000},
	Doi = {10.1117/12.613127},
	Editor = {{Hoover}, R.~B. and {Levin}, G.~V. and {Rozanov}, A.~Y. and {Gladstone}, G.~R.},
	Month = sep,
	Pages = {368-379},
	Series = {\procspie},
	Title = {{Radiometric performance results of the New Horizons' ALICE UV imaging spectrograph}},
	Volume = 5906,
	Year = 2005,
	Bdsk-Url-1 = {http://dx.doi.org/10.1117/12.613127}}

@article{Rahna_UVIT_2017,
	Adsnote = {Provided by the SAO/NASA Astrophysics Data System},
	Adsurl = {http://adsabs.harvard.edu/abs/2017MNRAS.471.3028R},
	Archiveprefix = {arXiv},
	Author = {{Rahna}, P.~T. and {Murthy}, J. and {Safonova}, M. and {Sutaria}, F. and {Gudennavar}, S.~B. and {Bubbly}, S.~G.},
	Date-Added = {2017-10-14 04:15:59 +0000},
	Date-Modified = {2017-10-14 04:23:46 +0000},
	Doi = {10.1093/mnras/stx1748},
	Eprint = {1706.02523},
	Journal = {\mnras},
	Keywords = {instrumentation: detectors, techniques: photometric, ultraviolet: general},
	Month = nov,
	Pages = {3028-3035},
	Primaryclass = {astro-ph.IM},
	Title = {{Investigating the in-flight performance of the UVIT payload on AstroSat}},
	Volume = 471,
	Year = 2017,
	Bdsk-Url-1 = {http://dx.doi.org/10.1093/mnras/stx1748}}

@article{Zemcov_lorri_2017,
	Adsnote = {Provided by the SAO/NASA Astrophysics Data System},
	Adsurl = {http://adsabs.harvard.edu/abs/2017NatCo...815003Z},
	Archiveprefix = {arXiv},
	Author = {{Zemcov}, M. and {Immel}, P. and {Nguyen}, C. and {Cooray}, A. and {Lisse}, C.~M. and {Poppe}, A.~R.},
	Date-Added = {2017-10-13 05:45:06 +0000},
	Date-Modified = {2017-10-13 05:45:54 +0000},
	Doi = {10.1038/ncomms15003},
	Eid = {15003},
	Eprint = {1704.02989},
	Journal = {Nature Communications},
	Month = apr,
	Pages = {15003},
	Primaryclass = {astro-ph.IM},
	Title = {{Measurement of the cosmic optical background using the long range reconnaissance imager on New Horizons}},
	Volume = 8,
	Year = 2017,
	Bdsk-Url-1 = {http://dx.doi.org/10.1038/ncomms15003}}

@article{Anderson1979,
	Adsnote = {Provided by the SAO/NASA Astrophysics Data System},
	Adsurl = {http://adsabs.harvard.edu/abs/1979ApJ...234..415A},
	Author = {{Anderson}, R.~C. and {Henry}, R.~C. and {Brune}, W.~H. and {Feldman}, P.~D. and {Fastie}, W.~G.},
	Doi = {10.1086/157510},
	Journal = {\apj},
	Keywords = {Background Radiation, Far Ultraviolet Radiation, Galactic Radiation, Rocket Sounding, Airglow, Galactic Structure, Light Scattering, Oxygen Spectra, Stellar Spectrophotometry},
	Month = dec,
	Pages = {415-426},
	Title = {{Far-ultraviolet studies. V - Rocket observation of the diffuse cosmic background}},
	Volume = {234},
	Year = {1979},
	Bdsk-Url-1 = {http://dx.doi.org/10.1086/157510}}

@article{Appenzeller1975,
	Adsnote = {Provided by the SAO/NASA Astrophysics Data System},
	Adsurl = {http://adsabs.harvard.edu/abs/1975A%26A....38..313A},
	Author = {{Appenzeller}, I.},
	Journal = {\aap},
	Keywords = {Galactic Structure, Interstellar Extinction, Polarized Light, Spatial Distribution, Cosmic Dust, Error Analysis, Interstellar Magnetic Fields, Interstellar Matter},
	Month = jan,
	Pages = {313},
	Title = {{Lower limits for the interstellar reddening at the galactic poles}},
	Volume = {38},
	Year = {1975}}

@article{Berdyugin2004,
	Adsnote = {Provided by the SAO/NASA Astrophysics Data System},
	Adsurl = {http://adsabs.harvard.edu/abs/2004A%26A...424..873B},
	Author = {{Berdyugin}, A. and {Piirola}, V. and {Teerikorpi}, P.},
	Doi = {10.1051/0004-6361:20040308},
	Journal = {\aap},
	Keywords = {polarization, ISM: dust, extinction, Galaxy: solar neighborhood},
	Month = sep,
	Pages = {873-876},
	Title = {{Interstellar polarization at high galactic latitudes from distant stars. VII. A complete map for southern latitudes b $\lt$ -70{\deg}}},
	Volume = {424},
	Year = {2004},
	Bdsk-Url-1 = {http://dx.doi.org/10.1051/0004-6361:20040308}}

@inproceedings{Berdyugin2011,
	Adsnote = {Provided by the SAO/NASA Astrophysics Data System},
	Adsurl = {http://adsabs.harvard.edu/abs/2011ASPC..449..157B},
	Author = {{Berdyugin}, A. and {Piirola}, V. and {Teerikorpi}, P.},
	Booktitle = {Astronomical Polarimetry 2008: Science from Small to Large Telescopes},
	Editor = {{Bastien}, P. and {Manset}, N. and {Clemens}, D.~P. and {St-Louis}, N.},
	Month = nov,
	Pages = {157},
	Series = {Astronomical Society of the Pacific Conference Series},
	Title = {{Interstellar Polarization at High Galactic Latitudes: A New Insight}},
	Volume = {449},
	Year = {2011}}

@article{Berdyugin2014,
	Adsnote = {Provided by the SAO/NASA Astrophysics Data System},
	Adsurl = {http://adsabs.harvard.edu/abs/2014A%26A...561A..24B},
	Author = {{Berdyugin}, A. and {Piirola}, V. and {Teerikorpi}, P.},
	Doi = {10.1051/0004-6361/201322604},
	Eid = {A24},
	Journal = {\aap},
	Keywords = {polarization, dust, extinction, ISM: magnetic fields, local insterstellar matter, solar neighborhood},
	Month = jan,
	Pages = {A24},
	Title = {{Interstellar polarization at high galactic latitudes from distant stars. VIII. Patterns related to the local dust and gas shells from observations of \~{}3600 stars}},
	Volume = {561},
	Year = {2014},
	Bdsk-Url-1 = {http://dx.doi.org/10.1051/0004-6361/201322604}}

@article{Berdyugin1995,
	Adsnote = {Provided by the SAO/NASA Astrophysics Data System},
	Adsurl = {http://adsabs.harvard.edu/abs/1995A%26A...294..568B},
	Author = {{Berdyugin}, A. and {Snare}, M.-O. and {Teerikorpi}, P.},
	Journal = {\aap},
	Keywords = {Astronomical Polarimetry, Interstellar Extinction, Milky Way Galaxy, Stars, Linear Polarization, Magnetic Fields, Solar Neighborhood},
	Month = feb,
	Pages = {568-574},
	Title = {{Interstellar polarization at high galactic latitudes from distant stars. 2: First results for Z less than or equal to 600 PC}},
	Volume = {294},
	Year = {1995}}

@article{Berdyugin_SGP_2001,
	Adsnote = {Provided by the SAO/NASA Astrophysics Data System},
	Adsurl = {http://adsabs.harvard.edu/abs/2001A%26A...368..635B},
	Author = {{Berdyugin}, A. and {Teerikorpi}, P.},
	Doi = {10.1051/0004-6361:20010202-1},
	Journal = {\aap},
	Keywords = {POLARIZATION, DUST, EXTINCTION, SOLAR NEIGHBOURHOOD},
	Month = mar,
	Pages = {635-638},
	Title = {{Interstellar polarization at high galactic latitudes from distant stars. V. First results for the South Galactic Pole}},
	Volume = {368},
	Year = {2001},
	Bdsk-Url-1 = {http://dx.doi.org/10.1051/0004-6361:20010202-1}}

@article{Berdyugin1997,
	Adsnote = {Provided by the SAO/NASA Astrophysics Data System},
	Adsurl = {http://adsabs.harvard.edu/abs/1997A%26A...318...37B},
	Author = {{Berdyugin}, A. and {Teerikorpi}, P.},
	Journal = {\aap},
	Keywords = {POLARIZATION, DUST, EXTINCTION, SOLAR NEIGHBOURHOOD},
	Month = feb,
	Pages = {37-39},
	Title = {{Interstellar polarization at high galactic latitudes from distant stars. II. Evidence for depolarization starting at Z=\~{}600pc.}},
	Volume = {318},
	Year = {1997}}

@inproceedings{Berdyugin2000NGP,
	Adsnote = {Provided by the SAO/NASA Astrophysics Data System},
	Adsurl = {http://adsabs.harvard.edu/abs/2000nott.work...76B},
	Author = {{Berdyugin}, A. and {Teerikorpi}, P.},
	Booktitle = {The NOT in the 2000's},
	Editor = {{Bergvall}, N. and {Takalo}, L.~O. and {Piirola}, V.},
	Pages = {76},
	Title = {{Mapping the interstellar polarization at the North Galactic Pole with TurPol.}},
	Year = {2000}}

@article{Berdyugin2002,
	Adsnote = {Provided by the SAO/NASA Astrophysics Data System},
	Adsurl = {http://adsabs.harvard.edu/abs/2002A%26A...384.1050B},
	Author = {{Berdyugin}, A. and {Teerikorpi}, P.},
	Doi = {10.1051/0004-6361:20020069},
	Journal = {\aap},
	Keywords = {Polarization, ISM: Dust, Extinction, Galaxy: Structure, Galaxy: General},
	Month = mar,
	Pages = {1050-1053},
	Title = {{Interstellar polarization at high galactic latitudes from distant stars. VI. Extended polarization map and connection with the local spiral structure.}},
	Volume = {384},
	Year = {2002},
	Bdsk-Url-1 = {http://dx.doi.org/10.1051/0004-6361:20020069}}

@article{Berdyugin2016,
	Adsnote = {Provided by the SAO/NASA Astrophysics Data System},
	Adsurl = {http://adsabs.harvard.edu/abs/2016A%26A...587A..79B},
	Author = {{Berdyugin}, A. and {Teerikorpi}, P.},
	Doi = {10.1051/0004-6361/201527785},
	Eid = {A79},
	Journal = {\aap},
	Keywords = {dust, extinction, local insterstellar matter},
	Month = mar,
	Pages = {A79},
	Title = {{On high-latitude interstellar polarization toward the local spiral}},
	Volume = {587},
	Year = {2016},
	Bdsk-Url-1 = {http://dx.doi.org/10.1051/0004-6361/201527785}}

@article{Berdyugin2000,
	Adsnote = {Provided by the SAO/NASA Astrophysics Data System},
	Adsurl = {http://adsabs.harvard.edu/abs/2000A%26A...358..717B},
	Author = {{Berdyugin}, A. and {Teerikorpi}, P. and {Haikala}, L.},
	Journal = {\aap},
	Keywords = {POLARIZATION, ISM: DUST, EXTINCTION, GALAXY: SOLAR NEIGHBOURHOOD},
	Month = jun,
	Pages = {717-722},
	Title = {{Interstellar polarization at high galactic latitudes from distant stars. III. Distribution of the polarization vectors - evidence for distinct zones}},
	Volume = {358},
	Year = {2000}}

@article{Berdyugin2001,
	Adsnote = {Provided by the SAO/NASA Astrophysics Data System},
	Adsurl = {http://adsabs.harvard.edu/abs/2001A%26A...372..276B},
	Author = {{Berdyugin}, A. and {Teerikorpi}, P. and {Haikala}, L. and {Hanski}, M. and {Knude}, J. and {Markkanen}, T.},
	Doi = {10.1051/0004-6361:20010328},
	Journal = {\aap},
	Keywords = {POLARIZATION, DUST, EXTINCTION, SOLAR NEIGHBOURHOOD},
	Month = jun,
	Pages = {276-280},
	Title = {{Interstellar polarization at high galactic latitudes from distant stars. IV. A catalog of polarization data for the North Galactic Pole Area}},
	Volume = {372},
	Year = {2001},
	Bdsk-Url-1 = {http://dx.doi.org/10.1051/0004-6361:20010328}}

@article{Boissier2015,
	Adsnote = {Provided by the SAO/NASA Astrophysics Data System},
	Adsurl = {http://adsabs.harvard.edu/abs/2015A%26A...579A..29B},
	Archiveprefix = {arXiv},
	Author = {{Boissier}, S. and {Boselli}, A. and {Voyer}, E. and {Bianchi}, S. and {Pappalardo}, C. and {Guhathakurta}, P. and {Heinis}, S. and {Cortese}, L. and {Duc}, P.-A. and {Cuillandre}, J.-C. and {Davies}, J.~I. and {Smith}, M.~W.~L.},
	Doi = {10.1051/0004-6361/201526089},
	Eid = {A29},
	Eprint = {1504.06111},
	Journal = {\aap},
	Keywords = {ultraviolet: ISM, ultraviolet: galaxies, dust, extinction},
	Month = jul,
	Pages = {A29},
	Title = {{The GALEX Ultraviolet Virgo Cluster Survey (GUViCS). V. Ultraviolet diffuse emission and cirrus properties in the Virgo cluster direction}},
	Volume = {579},
	Year = {2015},
	Bdsk-Url-1 = {http://dx.doi.org/10.1051/0004-6361/201526089}}

@article{Boulanger1996,
	Adsnote = {Provided by the SAO/NASA Astrophysics Data System},
	Adsurl = {http://adsabs.harvard.edu/abs/1996A%26A...312..256B},
	Author = {{Boulanger}, F. and {Abergel}, A. and {Bernard}, J.-P. and {Burton}, W.~B. and {Desert}, F.-X. and {Hartmann}, D. and {Lagache}, G. and {Puget}, J.-L.},
	Journal = {\aap},
	Keywords = {ISM: ATOMS, ISM: DUST, EXTINCTION, ISM: MOLECULES, ISM: GENERAL, INFRARED: INTERSTELLAR: CONTINUUM},
	Month = aug,
	Pages = {256-262},
	Title = {{The dust/gas correlation at high Galactic latitude.}},
	Volume = {312},
	Year = {1996}}

@article{Bovy2012,
	Adsnote = {Provided by the SAO/NASA Astrophysics Data System},
	Adsurl = {http://adsabs.harvard.edu/abs/2012ApJ...756...89B},
	Archiveprefix = {arXiv},
	Author = {{Bovy}, J. and {Tremaine}, S.},
	Doi = {10.1088/0004-637X/756/1/89},
	Eid = {89},
	Eprint = {1205.4033},
	Journal = {\apj},
	Keywords = {Galaxy: disk, Galaxy: fundamental parameters, Galaxy: halo, Galaxy: kinematics and dynamics, Galaxy: structure, solar neighborhood},
	Month = sep,
	Pages = {89},
	Primaryclass = {astro-ph.GA},
	Title = {{On the Local Dark Matter Density}},
	Volume = {756},
	Year = {2012},
	Bdsk-Url-1 = {http://dx.doi.org/10.1088/0004-637X/756/1/89}}

@article{Bowyer1991,
	Adsnote = {Provided by the SAO/NASA Astrophysics Data System},
	Adsurl = {http://adsabs.harvard.edu/abs/1991ARA%26A..29...59B},
	Author = {{Bowyer}, S.},
	Doi = {10.1146/annurev.aa.29.090191.000423},
	Journal = {\araa},
	Keywords = {Background Radiation, Far Ultraviolet Radiation, Galactic Cosmic Rays, Active Galactic Nuclei, Astronomical Spectroscopy, Cosmic Dust, Diffuse Radiation, Milky Way Galaxy, Ultraviolet Spectra},
	Pages = {59-88},
	Title = {{The cosmic far ultraviolet background}},
	Volume = {29},
	Year = {1991},
	Bdsk-Url-1 = {http://dx.doi.org/10.1146/annurev.aa.29.090191.000423}}

@article{Brosch2000,
	Adsnote = {Provided by the SAO/NASA Astrophysics Data System},
	Adsurl = {http://adsabs.harvard.edu/abs/2000MNRAS.316...58B},
	Author = {{Brosch}, N. and {Almoznino}, E. and {Engels}, D. and {Bowyer}, S. and {Lampton}, M.},
	Doi = {10.1046/j.1365-8711.2000.03548.x},
	Journal = {\mnras},
	Keywords = {ULTRAVIOLET: GALAXIES, ULTRAVIOLET: STARS},
	Month = jul,
	Pages = {58-70},
	Title = {{FAUST observations near the North Galactic Pole}},
	Volume = {316},
	Year = {2000},
	Bdsk-Url-1 = {http://dx.doi.org/10.1046/j.1365-8711.2000.03548.x}}

@article{Burgh2002,
	Adsnote = {Provided by the SAO/NASA Astrophysics Data System},
	Adsurl = {http://adsabs.harvard.edu/abs/2002ApJ...575..240B},
	Author = {{Burgh}, E.~B. and {McCandliss}, S.~R. and {Feldman}, P.~D.},
	Doi = {10.1086/341194},
	Eprint = {astro-ph/0204156},
	Journal = {\apj},
	Keywords = {ISM: Dust, Extinction, ISM: Individual: NGC Number: NGC 2023, ISM: Reflection Nebulae, Ultraviolet: ISM},
	Month = aug,
	Pages = {240-249},
	Title = {{Rocket Observations of Far-Ultraviolet Dust Scattering in NGC 2023}},
	Volume = {575},
	Year = {2002},
	Bdsk-Url-1 = {http://dx.doi.org/10.1086/341194}}

@article{Calzetti1995,
	Adsnote = {Provided by the SAO/NASA Astrophysics Data System},
	Adsurl = {http://adsabs.harvard.edu/abs/1995ApJ...446L..97C},
	Author = {{Calzetti}, D. and {Bohlin}, R.~C. and {Gordon}, K.~D. and {Witt}, A.~N. and {Bianchi}, L.},
	Doi = {10.1086/187939},
	Journal = {\apjl},
	Keywords = {ISM: DUST, EXTINCTION, ISM: INDIVIDUAL ALPHANUMERIC: IC 435, ISM: REFLECTION NEBULAE, ULTRAVIOLET: ISM},
	Month = jun,
	Pages = {L97},
	Title = {{Scattering Properties of the Dust in the Reflection Nebula IC 435}},
	Volume = {446},
	Year = {1995},
	Bdsk-Url-1 = {http://dx.doi.org/10.1086/187939}}

@article{Carr2016,
	Adsnote = {Provided by the SAO/NASA Astrophysics Data System},
	Adsurl = {http://adsabs.harvard.edu/abs/2016PhRvD..94h3504C},
	Archiveprefix = {arXiv},
	Author = {{Carr}, B. and {K{\"u}hnel}, F. and {Sandstad}, M.},
	Doi = {10.1103/PhysRevD.94.083504},
	Eid = {083504},
	Eprint = {1607.06077},
	Journal = {\prd},
	Month = oct,
	Number = {8},
	Pages = {083504},
	Title = {{Primordial black holes as dark matter}},
	Volume = {94},
	Year = {2016},
	Bdsk-Url-1 = {http://dx.doi.org/10.1103/PhysRevD.94.083504}}

@article{Castelli2004,
	Adsnote = {Provided by the SAO/NASA Astrophysics Data System},
	Adsurl = {http://adsabs.harvard.edu/abs/2004astro.ph..5087C},
	Author = {{Castelli}, F. and {Kurucz}, R.~L.},
	Eprint = {astro-ph/0405087},
	Journal = {ArXiv Astrophysics e-prints},
	Keywords = {Astrophysics},
	Month = may,
	Title = {{New Grids of ATLAS9 Model Atmospheres}},
	Year = {2004}}

@article{Choi2013,
	Adsnote = {Provided by the SAO/NASA Astrophysics Data System},
	Adsurl = {http://adsabs.harvard.edu/abs/2013ApJ...774...34C},
	Archiveprefix = {arXiv},
	Author = {{Choi}, Y.-J. and {Min}, K.-W. and {Seon}, K.-I. and {Lim}, T.-H. and {Jo}, Y.-S. and {Park}, J.-W.},
	Doi = {10.1088/0004-637X/774/1/34},
	Eid = {34},
	Eprint = {1307.2664},
	Journal = {\apj},
	Keywords = {H II regions, ISM: individual objects: Spica Nebula Interaction Zone, ultraviolet: ISM},
	Month = sep,
	Pages = {34},
	Title = {{Far-ultraviolet Observations of the Spica Nebula and the Interaction Zone}},
	Volume = {774},
	Year = {2013},
	Bdsk-Url-1 = {http://dx.doi.org/10.1088/0004-637X/774/1/34}}

@article{Collins2016,
	Adsnote = {Provided by the SAO/NASA Astrophysics Data System},
	Adsurl = {http://adsabs.harvard.edu/abs/2016arXiv160102622C},
	Archiveprefix = {arXiv},
	Author = {{Collins}, K.~A. and {Kielkopf}, J.~F. and {Stassun}, K.~G.},
	Eprint = {1601.02622},
	Journal = {ArXiv e-prints},
	Keywords = {Astrophysics - Instrumentation and Methods for Astrophysics, Astrophysics - Earth and Planetary Astrophysics, Astrophysics - Solar and Stellar Astrophysics},
	Month = jan,
	Primaryclass = {astro-ph.IM},
	Title = {{AstroImageJ: Image Processing and Photometric Extraction for Ultra-Precise Astronomical Light Curves}},
	Year = 2016}

@inproceedings{GDL2010,
	Adsnote = {Provided by the SAO/NASA Astrophysics Data System},
	Adsurl = {http://adsabs.harvard.edu/abs/2010ASPC..434..187C},
	Archiveprefix = {arXiv},
	Author = {{Coulais}, A. and {Schellens}, M. and {Gales}, J. and {Arabas}, S. and {Boquien}, M. and {Chanial}, P. and {Messmer}, P. and {Fillmore}, D. and {Poplawski}, O. and {Maret}, S. and {Marchal}, G. and {Galmiche}, N. and {Mermet}, T.},
	Booktitle = {Astronomical Data Analysis Software and Systems XIX},
	Editor = {{Mizumoto}, Y. and {Morita}, K.-I. and {Ohishi}, M.},
	Eprint = {1101.0679},
	Month = dec,
	Pages = {187},
	Primaryclass = {astro-ph.IM},
	Series = {Astronomical Society of the Pacific Conference Series},
	Title = {{Status of GDL - GNU Data Language}},
	Volume = {434},
	Year = {2010}}

@article{Davidsen1974,
	Abstract = {Observations of a diffuse ultraviolet background at high galactic latitude might reveal the existence of an inter-galactic medium. Although existing results provide only weak constraints, current techniques are sufficient to set interesting limits on its density and temperature.},
	Adsnote = {Provided by the SAO/NASA Astrophysics Data System},
	Adsurl = {http://adsabs.harvard.edu/abs/1974Natur.247..513D},
	Author = {{Davidsen}, A. and {Bowyer}, S. and {Lampton}, M.},
	Doi = {10.1038/247513a0},
	Journal = {\nat},
	Month = feb,
	Pages = {513-516},
	Title = {{Cosmic Far Ultraviolet Background}},
	Volume = {247},
	Year = {1974},
	Bdsk-Url-1 = {http://dx.doi.org/10.1038/247513a0}}

@book{deV1991,
	Adsnote = {Provided by the SAO/NASA Astrophysics Data System},
	Adsurl = {http://adsabs.harvard.edu/abs/1991rc3..book.....D},
	Author = {{de Vaucouleurs}, G. and {de Vaucouleurs}, A. and {Corwin}, Jr., H.~G. and {Buta}, R.~J. and {Paturel}, G. and {Fouqu{\'e}}, P.},
	Booktitle = {Third Reference Catalogue of Bright Galaxies.~Volume I: Explanations and references.~ Volume II: Data for galaxies between 0$^{h}$ and 12$^{h}$.~ Volume III: Data for galaxies between 12$^{h}$ and 24$^{h}$., by de Vaucouleurs, G.; de Vaucouleurs, A.; Corwin, H.~G., Jr.; Buta, R.~J.; Paturel, G.; Fouqu{\'e}, P..~Springer, New York, NY (USA), 1991, 2091 p., ISBN 0-387-97552-7, Price US$ 198.00. ISBN 3-540-97552-7, Price DM 448.00. ISBN 0-387-97549-7 (Vol. I), ISBN 0-387-97550-0 (Vol. II), ISBN 0-387-97551-9 (Vol. III).},
	Title = {{Third Reference Catalogue of Bright Galaxies. Volume I: Explanations and references. Volume II: Data for galaxies between 0$^{h}$ and 12$^{h}$. Volume III: Data for galaxies between 12$^{h}$ and 24$^{h}$.}},
	Year = {1991}}

@article{Dole2006,
	Adsnote = {Provided by the SAO/NASA Astrophysics Data System},
	Adsurl = {http://adsabs.harvard.edu/abs/2006A%26A...451..417D},
	Author = {{Dole}, H. and {Lagache}, G. and {Puget}, J.-L. and {Caputi}, K.~I. and {Fern{\'a}ndez-Conde}, N. and {Le Floc'h}, E. and {Papovich}, C. and {P{\'e}rez-Gonz{\'a}lez}, P.~G. and {Rieke}, G.~H. and {Blaylock}, M.},
	Doi = {10.1051/0004-6361:20054446},
	Eprint = {astro-ph/0603208},
	Journal = {\aap},
	Month = may,
	Pages = {417-429},
	Title = {{The cosmic infrared background resolved by Spitzer. Contributions of mid-infrared galaxies to the far-infrared background}},
	Volume = {451},
	Year = {2006},
	Bdsk-Url-1 = {http://dx.doi.org/10.1051/0004-6361:20054446}}

@article{Draine_scat2003,
	Adsnote = {Provided by the SAO/NASA Astrophysics Data System},
	Adsurl = {http://adsabs.harvard.edu/abs/2003ApJ...598.1017D},
	Author = {{Draine}, B.~T.},
	Doi = {10.1086/379118},
	Eprint = {astro-ph/0304060},
	Journal = {\apj},
	Keywords = {ISM: Dust, Extinction, Polarization, Scattering, Ultraviolet: ISM},
	Month = dec,
	Pages = {1017-1025},
	Title = {{Scattering by Interstellar Dust Grains. I. Optical and Ultraviolet}},
	Volume = {598},
	Year = {2003},
	Bdsk-Url-1 = {http://dx.doi.org/10.1086/379118}}

@article{Draine2003,
	Adsnote = {Provided by the SAO/NASA Astrophysics Data System},
	Adsurl = {http://adsabs.harvard.edu/abs/2003ARA%26A..41..241D},
	Author = {{Draine}, B.~T.},
	Doi = {10.1146/annurev.astro.41.011802.094840},
	Eprint = {astro-ph/0304489},
	Journal = {\araa},
	Pages = {241-289},
	Title = {{Interstellar Dust Grains}},
	Volume = {41},
	Year = {2003},
	Bdsk-Url-1 = {http://dx.doi.org/10.1146/annurev.astro.41.011802.094840}}

@article{Driver2016,
	Adsnote = {Provided by the SAO/NASA Astrophysics Data System},
	Adsurl = {http://adsabs.harvard.edu/abs/2016ApJ...827..108D},
	Archiveprefix = {arXiv},
	Author = {{Driver}, S.~P. and {Andrews}, S.~K. and {Davies}, L.~J. and {Robotham}, A.~S.~G. and {Wright}, A.~H. and {Windhorst}, R.~A. and {Cohen}, S. and {Emig}, K. and {Jansen}, R.~A. and {Dunne}, L.},
	Doi = {10.3847/0004-637X/827/2/108},
	Eid = {108},
	Eprint = {1605.01523},
	Journal = {\apj},
	Keywords = {cosmic background radiation, cosmological parameters, diffuse radiation, galaxies: statistics, zodiacal dust},
	Month = aug,
	Pages = {108},
	Title = {{Measurements of Extragalactic Background Light from the Far UV to the Far IR from Deep Ground- and Space-based Galaxy Counts}},
	Volume = {827},
	Year = {2016},
	Bdsk-Url-1 = {http://dx.doi.org/10.3847/0004-637X/827/2/108}}

@article{Dwek2013,
	Adsnote = {Provided by the SAO/NASA Astrophysics Data System},
	Adsurl = {http://adsabs.harvard.edu/abs/2013APh....43..112D},
	Archiveprefix = {arXiv},
	Author = {{Dwek}, E. and {Krennrich}, F.},
	Doi = {10.1016/j.astropartphys.2012.09.003},
	Eprint = {1209.4661},
	Journal = {Astroparticle Physics},
	Month = mar,
	Pages = {112-133},
	Title = {{The extragalactic background light and the gamma-ray opacity of the universe}},
	Volume = {43},
	Year = {2013},
	Bdsk-Url-1 = {http://dx.doi.org/10.1016/j.astropartphys.2012.09.003}}

@article{FixJ1989,
	Adsnote = {Provided by the SAO/NASA Astrophysics Data System},
	Adsurl = {http://adsabs.harvard.edu/abs/1989ApJ...345..203F},
	Author = {{Fix}, J.~D. and {Craven}, J.~D. and {Frank}, L.~A.},
	Doi = {10.1086/167896},
	Journal = {\apj},
	Keywords = {Cosmic Rays, Diffuse Radiation, Image Analysis, Milky Way Galaxy, Ultraviolet Radiation, Astronomical Photometry, Dynamics Explorer 1 Satellite, Hydrogen, Scattering},
	Month = oct,
	Pages = {203-209},
	Title = {{Measurements of the diffuse ultraviolet radiation}},
	Volume = {345},
	Year = {1989},
	Bdsk-Url-1 = {http://dx.doi.org/10.1086/167896}}

@article{Fong1987,
	Adsnote = {Provided by the SAO/NASA Astrophysics Data System},
	Adsurl = {http://adsabs.harvard.edu/abs/1987MNRAS.224.1059F},
	Author = {{Fong}, R. and {Jones}, L.~R. and {Shanks}, T. and {Stevenson}, P.~R.~F. and {Strong}, A.~W.},
	Doi = {10.1093/mnras/224.4.1059},
	Journal = {\mnras},
	Keywords = {Cosmic Dust, Galaxies, Hydrogen, Magellanic Clouds, Milky Way Galaxy, Radiant Flux Density, Southern Sky, Astronomical Photography, Interstellar Extinction, Spatial Distribution},
	Month = feb,
	Pages = {1059-1072},
	Title = {{Deep Galaxy counts, H I and dust at the South Galactic Pole and in the Magellanic Stream}},
	Volume = {224},
	Year = {1987},
	Bdsk-Url-1 = {http://dx.doi.org/10.1093/mnras/224.4.1059}}

@article{Frampton2016,
	Adsnote = {Provided by the SAO/NASA Astrophysics Data System},
	Adsurl = {http://adsabs.harvard.edu/abs/2016MPLA...3150093F},
	Archiveprefix = {arXiv},
	Author = {{Frampton}, P.~H.},
	Doi = {10.1142/S0217732316500930},
	Eid = {1650093},
	Eprint = {1510.00400},
	Journal = {Modern Physics Letters A},
	Keywords = {Dark matter, black holes, microlensing, wide binaries, CMB distortion, Dark matter},
	Month = may,
	Pages = {1650093},
	Primaryclass = {hep-ph},
	Title = {{Searching for dark matter constituents with many solar masses}},
	Volume = {31},
	Year = {2016},
	Bdsk-Url-1 = {http://dx.doi.org/10.1142/S0217732316500930}}

@article{Frank2012,
	Adsnote = {Provided by the SAO/NASA Astrophysics Data System},
	Adsurl = {http://adsabs.harvard.edu/abs/2012MNRAS.420.1731F},
	Archiveprefix = {arXiv},
	Author = {{Frank}, S. and {Rasera}, Y. and {Vibert}, D. and {Milliard}, B. and {Popping}, A. and {Blaizot}, J. and {Courty}, S. and {Deharveng}, J.-M. and {P{\'e}roux}, C. and {Teyssier}, R. and {Martin}, C.~D.},
	Doi = {10.1111/j.1365-2966.2011.20172.x},
	Eprint = {1111.3028},
	Journal = {\mnras},
	Keywords = {methods: numerical, intergalactic medium, galaxies: structure, ultraviolet: galaxies, ultraviolet: general},
	Month = feb,
	Pages = {1731-1753},
	Title = {{Observable signatures of the low-z circumgalactic and intergalactic media: ultraviolet line emission in simulations}},
	Volume = {420},
	Year = {2012},
	Bdsk-Url-1 = {http://dx.doi.org/10.1111/j.1365-2966.2011.20172.x}}

@article{Gardner2000,
	Adsnote = {Provided by the SAO/NASA Astrophysics Data System},
	Adsurl = {http://adsabs.harvard.edu/abs/2000ApJ...542L..79G},
	Author = {{Gardner}, J.~P. and {Brown}, T.~M. and {Ferguson}, H.~C.},
	Doi = {10.1086/312930},
	Journal = {\apjl},
	Keywords = {Cosmology: Observations, Cosmology: Diffuse Radiation, Galaxies: Evolution, Galaxies: Statistics, Surveys, Ultraviolet: Galaxies},
	Month = oct,
	Pages = {L79-L82},
	Title = {{Ultraviolet Galaxy Counts from Space Telescope Imaging Spectrograph Observations of the Hubble Deep Fields}},
	Volume = {542},
	Year = {2000},
	Bdsk-Url-1 = {http://dx.doi.org/10.1086/312930}}

@article{Gibson2003,
	Adsnote = {Provided by the SAO/NASA Astrophysics Data System},
	Adsurl = {http://adsabs.harvard.edu/abs/2003ApJ...589..362G},
	Author = {{Gibson}, S.~J. and {Nordsieck}, K.~H.},
	Doi = {10.1086/374590},
	Journal = {\apj},
	Keywords = {ISM: Dust, Extinction, ISM: Individual: Name: Pleiades, ISM: Structure- Methods: Analytical, ISM: Reflection Nebulae, Scattering},
	Month = may,
	Pages = {362-377},
	Title = {{The Pleiades Reflection Nebula. II. Simple Model Constraints on Dust Properties and Scattering Geometry}},
	Volume = {589},
	Year = {2003},
	Bdsk-Url-1 = {http://dx.doi.org/10.1086/374590}}

@article{Gordon2001,
	Adsnote = {Provided by the SAO/NASA Astrophysics Data System},
	Adsurl = {http://adsabs.harvard.edu/abs/2001ApJ...551..269G},
	Author = {{Gordon}, K.~D. and {Misselt}, K.~A. and {Witt}, A.~N. and {Clayton}, G.~C.},
	Doi = {10.1086/320082},
	Eprint = {astro-ph/0011575},
	Journal = {\apj},
	Keywords = {ISM: Dust, Extinction, Methods: Numerical, Radiative Transfer},
	Month = apr,
	Pages = {269-276},
	Title = {{The DIRTY Model. I. Monte Carlo Radiative Transfer through Dust}},
	Volume = {551},
	Year = {2001},
	Bdsk-Url-1 = {http://dx.doi.org/10.1086/320082}}

@article{Gordon1994,
	Adsnote = {Provided by the SAO/NASA Astrophysics Data System},
	Adsurl = {http://adsabs.harvard.edu/abs/1994ApJ...432..641G},
	Author = {{Gordon}, K.~D. and {Witt}, A.~N. and {Carruthers}, G.~R. and {Christensen}, S.~A. and {Dohne}, B.~C.},
	Doi = {10.1086/174602},
	Journal = {\apj},
	Keywords = {Albedo, Cosmic Dust, Monte Carlo Method, Reflection Nebulae, Scorpius Constellation, Stellar Spectra, Ultraviolet Radiation, Astronomical Models, Radiative Heat Transfer, Ultraviolet Astronomy},
	Month = sep,
	Pages = {641-647},
	Title = {{The far-ultraviolet dust albedo in the Upper Scorpius subgroup of the Scorpius OB2 association}},
	Volume = {432},
	Year = {1994},
	Bdsk-Url-1 = {http://dx.doi.org/10.1086/174602}}

@article{Goudfrooij1994,
	Adsnote = {Provided by the SAO/NASA Astrophysics Data System},
	Adsurl = {http://adsabs.harvard.edu/abs/1994MNRAS.271..833G},
	Author = {{Goudfrooij}, P. and {de Jong}, T. and {Hansen}, L. and {Norgaard-Nielsen}, H.~U.},
	Doi = {10.1093/mnras/271.4.833},
	Journal = {\mnras},
	Month = dec,
	Pages = {833},
	Title = {{Interstellar Matter in Elliptical Galaxies - Part Three - Properties of Dust Extinction}},
	Volume = {271},
	Year = {1994},
	Bdsk-Url-1 = {http://dx.doi.org/10.1093/mnras/271.4.833}}

@article{Green2015,
	Adsnote = {Provided by the SAO/NASA Astrophysics Data System},
	Adsurl = {http://adsabs.harvard.edu/abs/2015ApJ...810...25G},
	Archiveprefix = {arXiv},
	Author = {{Green}, G.~M. and {Schlafly}, E.~F. and {Finkbeiner}, D.~P. and {Rix}, H.-W. and {Martin}, N. and {Burgett}, W. and {Draper}, P.~W. and {Flewelling}, H. and {Hodapp}, K. and {Kaiser}, N. and {Kudritzki}, R.~P. and {Magnier}, E. and {Metcalfe}, N. and {Price}, P. and {Tonry}, J. and {Wainscoat}, R.},
	Doi = {10.1088/0004-637X/810/1/25},
	Eid = {25},
	Eprint = {1507.01005},
	Journal = {\apj},
	Keywords = {dust, extinction, Galaxy: structure, methods: statistical},
	Month = sep,
	Pages = {25},
	Title = {{A Three-dimensional Map of Milky Way Dust}},
	Volume = {810},
	Year = {2015},
	Bdsk-Url-1 = {http://dx.doi.org/10.1088/0004-637X/810/1/25}}

@inproceedings{Guhathakurta1990,
	Adsnote = {Provided by the SAO/NASA Astrophysics Data System},
	Adsurl = {http://adsabs.harvard.edu/abs/1990NASCP3084...26G},
	Author = {{Guhathakurta}, P. and {Knapp}, G.~R. and {van Gorkom}, J.~H. and {Kim}, D.-W.},
	Booktitle = {NASA Conference Publication},
	Editor = {{Hollenbach}, D.~J. and {Thronson}, Jr., H.~A.},
	Keywords = {Cosmic Dust, Elliptical Galaxies, Galactic Clusters, Intergalactic Media, Neutral Gases, Cold Gas, Gas Detectors, Infrared Astronomy Satellite, Infrared Radiation, Very Large Array (Vla)},
	Month = jul,
	Series = {NASA Conference Publication},
	Title = {{Intergalactic HI in the NGC5018 group}},
	Volume = {3084},
	Year = {1990}}

@article{Hamden2013,
	Adsnote = {Provided by the SAO/NASA Astrophysics Data System},
	Adsurl = {http://adsabs.harvard.edu/abs/2013ApJ...779..180H},
	Archiveprefix = {arXiv},
	Author = {{Hamden}, E.~T. and {Schiminovich}, D. and {Seibert}, M.},
	Doi = {10.1088/0004-637X/779/2/180},
	Eid = {180},
	Eprint = {1311.0875},
	Journal = {\apj},
	Keywords = {ISM: general, scattering, ultraviolet: ISM},
	Month = dec,
	Pages = {180},
	Title = {{The Diffuse Galactic Far-ultraviolet Sky}},
	Volume = {779},
	Year = {2013},
	Bdsk-Url-1 = {http://dx.doi.org/10.1088/0004-637X/779/2/180}}

@article{Hayakawa1969,
	Adsnote = {Provided by the SAO/NASA Astrophysics Data System},
	Adsurl = {http://adsabs.harvard.edu/abs/1969Ap%26SS...5..493H},
	Author = {{Hayakawa}, S. and {Yamashita}, K. and {Yoshioka}, S.},
	Doi = {10.1007/BF00652397},
	Journal = {\apss},
	Month = dec,
	Pages = {493-502},
	Title = {{Diffuse Component of the Cosmic Far UV Radiation and Interstellar Dust Grains}},
	Volume = {5},
	Year = {1969},
	Bdsk-Url-1 = {http://dx.doi.org/10.1007/BF00652397}}

@article{Henry1977,
	Adsnote = {Provided by the SAO/NASA Astrophysics Data System},
	Adsurl = {http://adsabs.harvard.edu/abs/1977ApJS...33..451H},
	Author = {{Henry}, R.~C.},
	Doi = {10.1086/190436},
	Journal = {\apjs},
	Month = apr,
	Pages = {451},
	Title = {{Far-Ultraviolet Studies. I. Predicted Far-Ultraviolet Interstellar Radiation Field}},
	Volume = {33},
	Year = {1977},
	Bdsk-Url-1 = {http://dx.doi.org/10.1086/190436}}

@article{Henry1981,
	Adsnote = {Provided by the SAO/NASA Astrophysics Data System},
	Adsurl = {http://adsabs.harvard.edu/abs/1981ApJ...244L..69H},
	Author = {{Henry}, R.~C.},
	Doi = {10.1086/183482},
	Journal = {\apjl},
	Keywords = {Diffuse Radiation, Far Ultraviolet Radiation, Galactic Radiation, Interstellar Matter, Light Scattering, Milky Way Galaxy, Albedo, Background Radiation, Calibrating, Radiation Distribution},
	Month = mar,
	Pages = {L69-L72},
	Title = {{Far-ultraviolet diffuse galactic light}},
	Volume = {244},
	Year = {1981},
	Bdsk-Url-1 = {http://dx.doi.org/10.1086/183482}}

@article{Henry1991,
	Adsnote = {Provided by the SAO/NASA Astrophysics Data System},
	Adsurl = {http://adsabs.harvard.edu/abs/1991ARA%26A..29...89H},
	Author = {{Henry}, R.~C.},
	Doi = {10.1146/annurev.aa.29.090191.000513},
	Journal = {\araa},
	Keywords = {Background Radiation, Cosmic Rays, Spaceborne Astronomy, Ultraviolet Radiation, Apollo Flights, Astronomical Spectroscopy, Cosmic Dust, Diffuse Radiation, Lyman Alpha Radiation, Spectral Energy Distribution},
	Pages = {89-127},
	Title = {{Ultraviolet background radiation}},
	Volume = {29},
	Year = {1991},
	Bdsk-Url-1 = {http://dx.doi.org/10.1146/annurev.aa.29.090191.000513}}

@article{Henry2002,
	Adsnote = {Provided by the SAO/NASA Astrophysics Data System},
	Adsurl = {http://adsabs.harvard.edu/abs/2002ApJ...570..697H},
	Author = {{Henry}, R.~C.},
	Doi = {10.1086/339623},
	Journal = {\apj},
	Keywords = {ISM: Dust, Extinction, Ultraviolet: General},
	Month = may,
	Pages = {697-707},
	Title = {{The Local Interstellar Ultraviolet Radiation Field}},
	Volume = {570},
	Year = {2002},
	Bdsk-Url-1 = {http://dx.doi.org/10.1086/339623}}

@article{Henry1993,
	Adsnote = {Provided by the SAO/NASA Astrophysics Data System},
	Adsurl = {http://adsabs.harvard.edu/abs/1993ApJ...418L..17H},
	Author = {{Henry}, R.~C. and {Murthy}, J.},
	Doi = {10.1086/187105},
	Journal = {\apjl},
	Keywords = {GALAXY: HALO, ISM: DUST, EXTINCTION, ISM: REFLECTION NEBULAE, ULTRAVIOLET: GENERAL, ULTRAVIOLET: INTERSTELLAR},
	Month = nov,
	Pages = {L17},
	Title = {{Ultraviolet Background Radiation}},
	Volume = {418},
	Year = {1993},
	Bdsk-Url-1 = {http://dx.doi.org/10.1086/187105}}

@article{Henry2015,
	Adsnote = {Provided by the SAO/NASA Astrophysics Data System},
	Adsurl = {http://adsabs.harvard.edu/abs/2015ApJ...798...14H},
	Archiveprefix = {arXiv},
	Author = {{Henry}, R.~C. and {Murthy}, J. and {Overduin}, J. and {Tyler}, J.},
	Doi = {10.1088/0004-637X/798/1/14},
	Eid = {14},
	Eprint = {1404.5714},
	Journal = {\apj},
	Keywords = {dark matter, dust, extinction, ISM: clouds},
	Month = jan,
	Pages = {14},
	Title = {{The Mystery of the Cosmic Diffuse Ultraviolet Background Radiation}},
	Volume = {798},
	Year = {2015},
	Bdsk-Url-1 = {http://dx.doi.org/10.1088/0004-637X/798/1/14}}

@article{Henyey1941,
	Adsnote = {Provided by the SAO/NASA Astrophysics Data System},
	Adsurl = {http://adsabs.harvard.edu/abs/1941ApJ....93...70H},
	Author = {{Henyey}, L.~G. and {Greenstein}, J.~L.},
	Doi = {10.1086/144246},
	Journal = {\apj},
	Month = jan,
	Pages = {70-83},
	Title = {{Diffuse radiation in the Galaxy}},
	Volume = {93},
	Year = {1941},
	Bdsk-Url-1 = {http://dx.doi.org/10.1086/144246}}

@article{Holberg1986,
	Adsnote = {Provided by the SAO/NASA Astrophysics Data System},
	Adsurl = {http://adsabs.harvard.edu/abs/1986ApJ...311..969H},
	Author = {{Holberg}, J.~B.},
	Doi = {10.1086/164834},
	Journal = {\apj},
	Keywords = {Astronomical Spectroscopy, Background Radiation, Cosmic Rays, Diffuse Radiation, Far Ultraviolet Radiation, Milky Way Galaxy, Emission Spectra, Ultraviolet Spectra, Voyager 2 Spacecraft},
	Month = dec,
	Pages = {969-978},
	Title = {{Far-ultraviolet background observations at high galactic latitude. II - Diffuse emission}},
	Volume = {311},
	Year = {1986},
	Bdsk-Url-1 = {http://dx.doi.org/10.1086/164834}}

@article{Hurwitz1994,
	Adsnote = {Provided by the SAO/NASA Astrophysics Data System},
	Adsurl = {http://adsabs.harvard.edu/abs/1994ApJ...433..149H},
	Author = {{Hurwitz}, M.},
	Doi = {10.1086/174631},
	Journal = {\apj},
	Keywords = {Astronomical Models, Far Ultraviolet Radiation, Interstellar Gas, Molecular Clouds, Radiative Transfer, Spaceborne Astronomy, Ultraviolet Astronomy, Astronomical Spectroscopy, Continuums, Emission Spectra, Hydrogen, Mathematical Models, Ultraviolet Spectrometers},
	Month = sep,
	Pages = {149-156},
	Title = {{Far-ultraviolet emission from the Taurus molecular cloud}},
	Volume = {433},
	Year = {1994},
	Bdsk-Url-1 = {http://dx.doi.org/10.1086/174631}}

@article{Hurwitz1991,
	Adsnote = {Provided by the SAO/NASA Astrophysics Data System},
	Adsurl = {http://adsabs.harvard.edu/abs/1991ApJ...372..167H},
	Author = {{Hurwitz}, M. and {Bowyer}, S. and {Martin}, C.},
	Doi = {10.1086/169962},
	Journal = {\apj},
	Keywords = {Background Radiation, Cosmic Dust, Diffuse Radiation, Far Ultraviolet Radiation, Interstellar Matter, Light Scattering, Albedo, Astronomical Models, Astronomical Spectroscopy, Milky Way Galaxy, Particle Size Distribution, Radiative Transfer},
	Month = may,
	Pages = {167-184},
	Title = {{The albedo and scattering phase function of interstellar dust and the diffuse background at far-ultraviolet wavelengths}},
	Volume = {372},
	Year = {1991},
	Bdsk-Url-1 = {http://dx.doi.org/10.1086/169962}}

@inproceedings{Jakobsen1996,
	Adsnote = {Provided by the SAO/NASA Astrophysics Data System},
	Adsurl = {http://adsabs.harvard.edu/abs/1996IAUS..168..229J},
	Author = {{Jakobsen}, P.},
	Booktitle = {Examining the Big Bang and Diffuse Background Radiations},
	Editor = {{Kafatos}, M.~C. and {Kondo}, Y.},
	Pages = {229},
	Series = {IAU Symposium},
	Title = {{The Far-Ultraviolet Background}},
	Volume = {168},
	Year = {1996}}

@article{Jakobsen1984,
	Adsnote = {Provided by the SAO/NASA Astrophysics Data System},
	Adsurl = {http://adsabs.harvard.edu/abs/1984A%26A...139..481J},
	Author = {{Jakobsen}, P. and {Bowyer}, S. and {Kimble}, R. and {Jelinsky}, P. and {Grewing}, M. and {Kraemer}, G. and {Wulf-Mathies}, C.},
	Journal = {\aap},
	Keywords = {Background Radiation, Interstellar Matter, Rocket Sounding, Ultraviolet Astronomy, Astronomical Photometry, Broadband, Cosmic Dust, Focal Plane Devices, Galactic Radiation, Gas Density, Photometers},
	Month = oct,
	Pages = {481-495},
	Title = {{Rocket observations of the diffuse ultraviolet background}},
	Volume = {139},
	Year = {1984}}

@article{Jakobsen1981,
	Adsnote = {Provided by the SAO/NASA Astrophysics Data System},
	Adsurl = {http://adsabs.harvard.edu/abs/1981A%26A....96...23J},
	Author = {{Jakobsen}, P. and {Paresce}, F.},
	Journal = {\aap},
	Keywords = {Background Radiation, Cosmic Plasma, Diffuse Radiation, Far Ultraviolet Radiation, Galactic Radiation, High Temperature Plasmas, Interstellar Gas, Emission Spectra, Line Spectra, Radiative Transfer},
	Month = mar,
	Pages = {23-25},
	Title = {{Interstellar hot plasma contributions to the diffuse ultraviolet background}},
	Volume = {96},
	Year = {1981}}

@article{Jo2012,
	Adsnote = {Provided by the SAO/NASA Astrophysics Data System},
	Adsurl = {http://adsabs.harvard.edu/abs/2012ApJ...756...38J},
	Archiveprefix = {arXiv},
	Author = {{Jo}, Y.-S. and {Min}, K.-W. and {Lim}, T.-H. and {Seon}, K.-I.},
	Doi = {10.1088/0004-637X/756/1/38},
	Eid = {38},
	Eprint = {1207.2249},
	Journal = {\apj},
	Keywords = {dust, extinction, ISM: bubbles, ISM: individual objects: Orion-Eridanus, ISM: structure, ultraviolet: ISM},
	Month = sep,
	Pages = {38},
	Title = {{Simulation Study of Dust-scattered Far-ultraviolet Emission in the Orion-Eridanus Superbubble}},
	Volume = {756},
	Year = {2012},
	Bdsk-Url-1 = {http://dx.doi.org/10.1088/0004-637X/756/1/38}}

@article{Joubert1983,
	Adsnote = {Provided by the SAO/NASA Astrophysics Data System},
	Adsurl = {http://adsabs.harvard.edu/abs/1983A%26A...128..114J},
	Author = {{Joubert}, M. and {Deharveng}, J.~M. and {Cruvellier}, P. and {Masnou}, J.~L. and {Lequeux}, J.},
	Journal = {\aap},
	Keywords = {Background Radiation, Cosmic Dust, Far Ultraviolet Radiation, Interstellar Gas, Ultraviolet Astronomy, Correlation, Diffuse Radiation, Hydrogen Clouds, Sky Brightness, Sky Surveys (Astronomy), Spaceborne Astronomy},
	Month = nov,
	Pages = {114-123},
	Title = {{UV background radiation, dust and gas at high galactic latitude}},
	Volume = {128},
	Year = {1983}}

@article{Jura1979,
	Abstract = {The possibility is considered of detecting scattering by grains in clouds above the galactic plane. Such clouds should show H-alpha in emission, and it may be possible to observe blueshifted H-alpha from high-latitude high-velocity clouds to estimate the metal abundance within these clouds. Such a determination could help establish whether these clouds are infalling extragalactic material or downward-flowing galactic material. Also, a measure of the polarization of the high-latitude ultraviolet radiation field may serve to determine whether this radiation has a cosmological origin or is produced by dust scattering of light from the galactic plane.},
	Adsnote = {Provided by the SAO/NASA Astrophysics Data System},
	Adsurl = {http://adsabs.harvard.edu/abs/1979ApJ...227..798J},
	Author = {{Jura}, M.},
	Doi = {10.1086/156788},
	Journal = {\apj},
	Keywords = {Cosmic Dust, Disks (Shapes), Galactic Structure, H Alpha Line, Light Scattering, Cosmology, Optical Polarization, Rayleigh Scattering, Ultraviolet Radiation},
	Month = feb,
	Pages = {798-800},
	Title = {{Observational consequences of scattering clouds above the galactic disk}},
	Volume = {227},
	Year = {1979},
	Bdsk-Url-1 = {http://dx.doi.org/10.1086/156788}}

@article{Jyothy2015,
	Adsnote = {Provided by the SAO/NASA Astrophysics Data System},
	Adsurl = {http://adsabs.harvard.edu/abs/2015MNRAS.454.1778J},
	Archiveprefix = {arXiv},
	Author = {{Jyothy}, S.~N. and {Murthy}, J. and {Karuppath}, N. and {Sujatha}, N.~V.},
	Doi = {10.1093/mnras/stv2037},
	Eprint = {1509.01020},
	Journal = {\mnras},
	Keywords = {diffuse radiation, ultraviolet: ISM},
	Month = dec,
	Pages = {1778-1784},
	Title = {{Diffuse Radiation from the Aquila Rift}},
	Volume = {454},
	Year = {2015},
	Bdsk-Url-1 = {http://dx.doi.org/10.1093/mnras/stv2037}}

@article{Subaru2004,
	Adsnote = {Provided by the SAO/NASA Astrophysics Data System},
	Adsurl = {http://adsabs.harvard.edu/abs/2004PASJ...56.1011K},
	Author = {{Kashikawa}, N. and {Shimasaku}, K. and {Yasuda}, N. and {Ajiki}, M. and {Akiyama}, M. and {Ando}, H. and {Aoki}, K. and {Doi}, M. and {Fujita}, S.~S. and {Furusawa}, H. and {Hayashino}, T. and {Iwamuro}, F. and {Iye}, M. and {Karoji}, H. and {Kobayashi}, N. and {Kodaira}, K. and {Kodama}, T. and {Komiyama}, Y. and {Matsuda}, Y. and {Miyazaki}, S. and {Mizumoto}, Y. and {Morokuma}, T. and {Motohara}, K. and {Murayama}, T. and {Nagao}, T. and {Nariai}, K. and {Ohta}, K. and {Okamura}, S. and {Ouchi}, M. and {Sasaki}, T. and {Sato}, Y. and {Sekiguchi}, K. and {Shioya}, Y. and {Tamura}, H. and {Taniguchi}, Y. and {Umemura}, M. and {Yamada}, T. and {Yoshida}, M.},
	Doi = {10.1093/pasj/56.6.1011},
	Eprint = {astro-ph/0410005},
	Journal = {\pasj},
	Keywords = {cosmology: observations, galaxies: evolution, galaxies: high-redshift},
	Month = dec,
	Pages = {1011-1023},
	Title = {{The Subaru Deep Field: The Optical Imaging Data}},
	Volume = {56},
	Year = {2004},
	Bdsk-Url-1 = {http://dx.doi.org/10.1093/pasj/56.6.1011}}

@article{Lagache2000,
	Adsnote = {Provided by the SAO/NASA Astrophysics Data System},
	Adsurl = {http://adsabs.harvard.edu/abs/2000A%26A...354..247L},
	Author = {{Lagache}, G. and {Haffner}, L.~M. and {Reynolds}, R.~J. and {Tufte}, S.~L.},
	Eprint = {astro-ph/9911355},
	Journal = {\aap},
	Keywords = {ISM: DUST, EXTINCTION, INFRARED: ISM: CONTINUUM, ISM: GENERAL},
	Month = feb,
	Pages = {247-252},
	Title = {{Evidence for dust emission in the Warm Ionised Medium sing WHAM data}},
	Volume = {354},
	Year = {2000}}

@article{Lang2010,
	Adsnote = {Provided by the SAO/NASA Astrophysics Data System},
	Adsurl = {http://adsabs.harvard.edu/abs/2010AJ....139.1782L},
	Archiveprefix = {arXiv},
	Author = {{Lang}, D. and {Hogg}, D.~W. and {Mierle}, K. and {Blanton}, M. and {Roweis}, S.},
	Doi = {10.1088/0004-6256/139/5/1782},
	Eprint = {0910.2233},
	Journal = {\aj},
	Keywords = {astrometry, catalogs, instrumentation: miscellaneous, methods: data analysis, methods: statistical, techniques: image processing},
	Month = may,
	Pages = {1782-1800},
	Primaryclass = {astro-ph.IM},
	Title = {{Astrometry.net: Blind Astrometric Calibration of Arbitrary Astronomical Images}},
	Volume = 139,
	Year = 2010,
	Bdsk-Url-1 = {http://dx.doi.org/10.1088/0004-6256/139/5/1782}}

@article{Lee2008,
	Adsnote = {Provided by the SAO/NASA Astrophysics Data System},
	Adsurl = {http://adsabs.harvard.edu/abs/2008ApJ...686.1155L},
	Author = {{Lee}, D.-H. and {Seon}, K.-I. and {Min}, K.~W. and {Park}, Y.~S. and {Yuk}, I.~S. and {Edelstein}, J. and {Korpela}, E.~J. and {Sankrit}, R. and {Park}, S.~J. and {Ryu}, K.~S.},
	Doi = {10.1086/591778},
	Eid = {1155-1161},
	Journal = {\apj},
	Keywords = {ISM: individual: Ophiuchus, ISM: lines and bands, ultraviolet: ISM},
	Month = oct,
	Pages = {1155-1161},
	Title = {{Far-Ultraviolet Observations of the Ophiuchus Region with SPEAR}},
	Volume = {686},
	Year = {2008},
	Bdsk-Url-1 = {http://dx.doi.org/10.1086/591778}}

@article{Lee2006,
	Adsnote = {Provided by the SAO/NASA Astrophysics Data System},
	Adsurl = {http://adsabs.harvard.edu/abs/2006ApJ...644L.181L},
	Author = {{Lee}, D.-H. and {Yuk}, I.-S. and {Jin}, H. and {Seon}, K.-I. and {Edelstein}, J. and {Korpela}, E.~J. and {Adolfo}, J. and {Min}, K.-W. and {Ryu}, K.-S. and {Shinn}, J.-H. and {van Dishoeck}, E.~F.},
	Doi = {10.1086/505199},
	Eprint = {astro-ph/0602010},
	Journal = {\apjl},
	Keywords = {ISM: individual (Taurus), ISM: Lines and Bands, Ultraviolet: ISM},
	Month = jun,
	Pages = {L181-L184},
	Title = {{Diffuse Far-Ultraviolet Observations of the Taurus Region}},
	Volume = {644},
	Year = {2006},
	Bdsk-Url-1 = {http://dx.doi.org/10.1086/505199}}

@article{Lillie1976,
	Adsnote = {Provided by the SAO/NASA Astrophysics Data System},
	Adsurl = {http://adsabs.harvard.edu/abs/1976ApJ...208...64L},
	Author = {{Lillie}, C.~F. and {Witt}, A.~N.},
	Doi = {10.1086/154582},
	Journal = {\apj},
	Keywords = {Cosmic Dust, Light Scattering, Oao 2, Sky Brightness, Ultraviolet Photometry, Albedo, Astronomical Models, Diffuse Radiation, Galactic Radiation, Interstellar Extinction, Night Sky, Radiative Transfer},
	Month = aug,
	Pages = {64-74},
	Title = {{Ultraviolet photometry from the orbiting astronomical observatory. XXV - Diffuse galactic light in the 1500-4200 A region and the scattering properties of interstellar dust grains}},
	Volume = {208},
	Year = {1976},
	Bdsk-Url-1 = {http://dx.doi.org/10.1086/154582}}

@article{Lim2013,
	Adsnote = {Provided by the SAO/NASA Astrophysics Data System},
	Adsurl = {http://adsabs.harvard.edu/abs/2013ApJ...765..107L},
	Archiveprefix = {arXiv},
	Author = {{Lim}, T.-H. and {Min}, K.-W. and {Seon}, K.-I.},
	Doi = {10.1088/0004-637X/765/2/107},
	Eid = {107},
	Eprint = {1301.5433},
	Journal = {\apj},
	Keywords = {dust, extinction, ISM: clouds, ISM: individual objects: Taurus Auriga and Perseus complex, ISM: structure, ultraviolet: ISM},
	Month = mar,
	Pages = {107},
	Title = {{Far-ultraviolet Observations of the Taurus-Perseus-Auriga Complex}},
	Volume = {765},
	Year = {2013},
	Bdsk-Url-1 = {http://dx.doi.org/10.1088/0004-637X/765/2/107}}

@article{Ly2009,
	Adsnote = {Provided by the SAO/NASA Astrophysics Data System},
	Adsurl = {http://adsabs.harvard.edu/abs/2009ApJ...697.1410L},
	Archiveprefix = {arXiv},
	Author = {{Ly}, C. and {Malkan}, M.~A. and {Treu}, T. and {Woo}, J.-H. and {Currie}, T. and {Hayashi}, M. and {Kashikawa}, N. and {Motohara}, K. and {Shimasaku}, K. and {Yoshida}, M.},
	Doi = {10.1088/0004-637X/697/2/1410},
	Eprint = {0902.4712},
	Journal = {\apj},
	Keywords = {galaxies: evolution, galaxies: high-redshift, galaxies: luminosity function, mass function, galaxies: photometry},
	Month = jun,
	Pages = {1410-1432},
	Primaryclass = {astro-ph.CO},
	Title = {{Lyman Break Galaxies at z {\ap} 1.8-2.8: GALEX/NUV Imaging of the Subaru Deep Field}},
	Volume = {697},
	Year = {2009},
	Bdsk-Url-1 = {http://dx.doi.org/10.1088/0004-637X/697/2/1410}}

@article{Madau1992,
	Adsnote = {Provided by the SAO/NASA Astrophysics Data System},
	Adsurl = {http://adsabs.harvard.edu/abs/1992ApJ...389L...1M},
	Author = {{Madau}, P.},
	Doi = {10.1086/186334},
	Journal = {\apjl},
	Keywords = {Background Radiation, Intergalactic Media, Quasars, Red Shift, Ultraviolet Radiation, Absorption Spectra, Luminosity, Lyman Alpha Radiation, Sky Surveys (Astronomy)},
	Month = apr,
	Pages = {L1-L4},
	Title = {{The contribution of quasars to the ultraviolet extragalactic background}},
	Volume = {389},
	Year = {1992},
	Bdsk-Url-1 = {http://dx.doi.org/10.1086/186334}}

@article{Malin1983,
	Adsnote = {Provided by the SAO/NASA Astrophysics Data System},
	Adsurl = {http://adsabs.harvard.edu/abs/1983ApJ...274..534M},
	Author = {{Malin}, D.~F. and {Carter}, D.},
	Doi = {10.1086/161467},
	Journal = {\apj},
	Keywords = {Astronomical Catalogs, Elliptical Galaxies, Galactic Structure, Astronomical Photography, Galactic Evolution},
	Month = nov,
	Pages = {534-540},
	Title = {{A catalog of elliptical galaxies with shells}},
	Volume = {274},
	Year = {1983},
	Bdsk-Url-1 = {http://dx.doi.org/10.1086/161467}}

@article{Markkanen1979,
	Adsnote = {Provided by the SAO/NASA Astrophysics Data System},
	Adsurl = {http://adsabs.harvard.edu/abs/1979A%26A....74..201M},
	Author = {{Markkanen}, T.},
	Journal = {\aap},
	Keywords = {Cosmic Dust, Interstellar Extinction, Milky Way Galaxy, Polarimetry, Polarization Characteristics, Galactic Clusters, Hydrogen Clouds, Polar Regions},
	Month = apr,
	Pages = {201-205},
	Title = {{Polarization measurements and extinction near the north galactic pole}},
	Volume = {74},
	Year = {1979}}

@article{Marshall2006,
	Adsnote = {Provided by the SAO/NASA Astrophysics Data System},
	Adsurl = {http://adsabs.harvard.edu/abs/2006A%26A...453..635M},
	Author = {{Marshall}, D.~J. and {Robin}, A.~C. and {Reyl{\'e}}, C. and {Schultheis}, M. and {Picaud}, S.},
	Doi = {10.1051/0004-6361:20053842},
	Eprint = {astro-ph/0604427},
	Journal = {\aap},
	Keywords = {ISM: dust, extinction, ISM: structure, Galaxy: structure},
	Month = jul,
	Pages = {635-651},
	Title = {{Modelling the Galactic interstellar extinction distribution in three dimensions}},
	Volume = {453},
	Year = {2006},
	Bdsk-Url-1 = {http://dx.doi.org/10.1051/0004-6361:20053842}}

@article{Martin1989,
	Adsnote = {Provided by the SAO/NASA Astrophysics Data System},
	Adsurl = {http://adsabs.harvard.edu/abs/1989ApJ...338..677M},
	Author = {{Martin}, C. and {Bowyer}, S.},
	Doi = {10.1086/167226},
	Journal = {\apj},
	Keywords = {Background Radiation, Far Ultraviolet Radiation, Galactic Evolution, Intergalactic Media, Spiral Galaxies, Airglow, Hubble Constant, Luminosity, Power Spectra, Red Shift, Star Formation},
	Month = mar,
	Pages = {677-706},
	Title = {{Evidence for an extragalactic component of the far-ultraviolet background and constraints on galaxy evolution for Z between 0.1 and 0.6}},
	Volume = {338},
	Year = {1989},
	Bdsk-Url-1 = {http://dx.doi.org/10.1086/167226}}

@article{Martin1991,
	Adsnote = {Provided by the SAO/NASA Astrophysics Data System},
	Adsurl = {http://adsabs.harvard.edu/abs/1991ApJ...379..549M},
	Author = {{Martin}, C. and {Hurwitz}, M. and {Bowyer}, S.},
	Doi = {10.1086/170527},
	Journal = {\apj},
	Keywords = {Astronomical Spectroscopy, Background Radiation, Extraterrestrial Radiation, Far Ultraviolet Radiation, Intergalactic Media, Active Galactic Nuclei, Cosmic Dust, Emission Spectra, Galactic Evolution, Hydrogen, Spectrum Analysis},
	Month = oct,
	Pages = {549-563},
	Title = {{Spectroscopic limits to an extragalactic far-ultraviolet background}},
	Volume = {379},
	Year = {1991},
	Bdsk-Url-1 = {http://dx.doi.org/10.1086/170527}}

@article{Martin2005,
	Adsnote = {Provided by the SAO/NASA Astrophysics Data System},
	Adsurl = {http://adsabs.harvard.edu/abs/2005ApJ...619L...1M},
	Author = {{Martin}, D.~C. and {Fanson}, J. and {Schiminovich}, D. and {Morrissey}, P. and {Friedman}, P.~G. and {Barlow}, T.~A. and {Conrow}, T. and {Grange}, R. and {Jelinsky}, P.~N. and {Milliard}, B. and {Siegmund}, O.~H.~W. and {Bianchi}, L. and {Byun}, Y.-I. and {Donas}, J. and {Forster}, K. and {Heckman}, T.~M. and {Lee}, Y.-W. and {Madore}, B.~F. and {Malina}, R.~F. and {Neff}, S.~G. and {Rich}, R.~M. and {Small}, T. and {Surber}, F. and {Szalay}, A.~S. and {Welsh}, B. and {Wyder}, T.~K.},
	Doi = {10.1086/426387},
	Eprint = {astro-ph/0411302},
	Journal = {\apjl},
	Keywords = {Galaxies: Evolution, Galaxies: General, Space Vehicles: Instruments, Surveys, Ultraviolet: Galaxies, Ultraviolet: General},
	Month = jan,
	Pages = {L1-L6},
	Title = {{The Galaxy Evolution Explorer: A Space Ultraviolet Survey Mission}},
	Volume = {619},
	Year = {2005},
	Bdsk-Url-1 = {http://dx.doi.org/10.1086/426387}}

@article{Mathis2002,
	Adsnote = {Provided by the SAO/NASA Astrophysics Data System},
	Adsurl = {http://adsabs.harvard.edu/abs/2002ApJ...574..812M},
	Author = {{Mathis}, J.~S. and {Whitney}, B.~A. and {Wood}, K.},
	Doi = {10.1086/341007},
	Eprint = {astro-ph/0204044},
	Journal = {\apj},
	Keywords = {ISM: Dust, Extinction, ISM: Reflection Nebulae, Scattering},
	Month = aug,
	Pages = {812-821},
	Title = {{Can Reflection from Grains Diagnose the Albedo?}},
	Volume = {574},
	Year = {2002},
	Bdsk-Url-1 = {http://dx.doi.org/10.1086/341007}}

@article{Matsuoka2011,
	Adsnote = {Provided by the SAO/NASA Astrophysics Data System},
	Adsurl = {http://adsabs.harvard.edu/abs/2011ApJ...736..119M},
	Archiveprefix = {arXiv},
	Author = {{Matsuoka}, Y. and {Ienaka}, N. and {Kawara}, K. and {Oyabu}, S.},
	Doi = {10.1088/0004-637X/736/2/119},
	Eid = {119},
	Eprint = {1106.4413},
	Journal = {\apj},
	Keywords = {cosmic background radiation, cosmology: observations, dark ages, reionization, first stars, dust, extinction, galaxies: evolution, infrared: ISM},
	Month = aug,
	Pages = {119},
	Title = {{Cosmic Optical Background: The View from Pioneer 10/11}},
	Volume = {736},
	Year = {2011},
	Bdsk-Url-1 = {http://dx.doi.org/10.1088/0004-637X/736/2/119}}

@article{McFadzean1983,
	Adsnote = {Provided by the SAO/NASA Astrophysics Data System},
	Adsurl = {http://adsabs.harvard.edu/abs/1983MNRAS.205..525M},
	Author = {{McFadzean}, A.~D. and {Hilditch}, R.~W. and {Hill}, G.},
	Doi = {10.1093/mnras/205.2.525},
	Journal = {\mnras},
	Keywords = {F Stars, Milky Way Galaxy, O Stars, Southern Sky, Stellar Spectrophotometry, Ubv Spectra, Astronomical Catalogs, H Beta Line, Interstellar Extinction, Stellar Evolution},
	Month = nov,
	Pages = {525-534},
	Title = {{The South Galactic Pole - Results from uvby-beta photometry of 572 O-F stars}},
	Volume = {205},
	Year = {1983},
	Bdsk-Url-1 = {http://dx.doi.org/10.1093/mnras/205.2.525}}

@article{Morgan1976,
	Adsnote = {Provided by the SAO/NASA Astrophysics Data System},
	Adsurl = {http://adsabs.harvard.edu/abs/1976MNRAS.177..531M},
	Author = {{Morgan}, D.~H. and {Nandy}, K. and {Thompson}, G.~I.},
	Doi = {10.1093/mnras/177.3.531},
	Journal = {\mnras},
	Keywords = {Background Radiation, Galactic Radiation, Spaceborne Telescopes, Td-1 Satellite, Ultraviolet Radiation, Zodiacal Light, Astronomical Models, Cosmic Ray Albedo, Luminous Intensity, Radiative Transfer, Satellite-Borne Instruments, Statistical Analysis},
	Month = dec,
	Pages = {531-544},
	Title = {{The ultraviolet galactic background from TD-I satellite observations}},
	Volume = {177},
	Year = {1976},
	Bdsk-Url-1 = {http://dx.doi.org/10.1093/mnras/177.3.531}}

@article{Morgan1978,
	Adsnote = {Provided by the SAO/NASA Astrophysics Data System},
	Adsurl = {http://adsabs.harvard.edu/abs/1978MNRAS.185..371M},
	Author = {{Morgan}, D.~H. and {Nandy}, K. and {Thompson}, G.~L.},
	Doi = {10.1093/mnras/185.2.371},
	Journal = {\mnras},
	Month = nov,
	Pages = {371-380},
	Title = {{Ultraviolet observations of the diffuse galactic light from the S2/68 sky-survey telescope}},
	Volume = {185},
	Year = {1978},
	Bdsk-Url-1 = {http://dx.doi.org/10.1093/mnras/185.2.371}}

@article{Morrissey2007,
	Adsnote = {Provided by the SAO/NASA Astrophysics Data System},
	Adsurl = {http://adsabs.harvard.edu/abs/2007ApJS..173..682M},
	Author = {{Morrissey}, P. and {Conrow}, T. and {Barlow}, T.~A. and {Small}, T. and {Seibert}, M. and {Wyder}, T.~K. and {Budav{\'a}ri}, T. and {Arnouts}, S. and {Friedman}, P.~G. and {Forster}, K. and {Martin}, D.~C. and {Neff}, S.~G. and {Schiminovich}, D. and {Bianchi}, L. and {Donas}, J. and {Heckman}, T.~M. and {Lee}, Y.-W. and {Madore}, B.~F. and {Milliard}, B. and {Rich}, R.~M. and {Szalay}, A.~S. and {Welsh}, B.~Y. and {Yi}, S.~K.},
	Doi = {10.1086/520512},
	Journal = {\apjs},
	Keywords = {Space Vehicles, Surveys, Telescopes, Ultraviolet: General},
	Month = dec,
	Pages = {682-697},
	Title = {{The Calibration and Data Products of GALEX}},
	Volume = {173},
	Year = {2007},
	Bdsk-Url-1 = {http://dx.doi.org/10.1086/520512}}

@misc{Murthy_jude2016,
	Adsnote = {Provided by the SAO/NASA Astrophysics Data System},
	Adsurl = {http://adsabs.harvard.edu/abs/TBD},
	Archiveprefix = {ascl},
	Author = {{Murthy}, J.},
	Eprint = {TBD},
	Howpublished = {Astrophysics Source Code Library},
	Keywords = {Software},
	Month = dec,
	Title = {{JUDE: An alternative UVIT pipeline}},
	Year = {2016}}

@article{Murthy2009,
	Adsnote = {Provided by the SAO/NASA Astrophysics Data System},
	Adsurl = {http://adsabs.harvard.edu/abs/2009Ap%26SS.320...21M},
	Author = {{Murthy}, J.},
	Doi = {10.1007/s10509-008-9855-y},
	Journal = {\apss},
	Keywords = {Dust, Ultraviolet: ISM, Ultraviolet: general},
	Month = apr,
	Pages = {21-26},
	Title = {{Observations of the near and far ultraviolet background}},
	Volume = {320},
	Year = {2009},
	Bdsk-Url-1 = {http://dx.doi.org/10.1007/s10509-008-9855-y}}

@article{Murthy2014apj,
	Adsnote = {Provided by the SAO/NASA Astrophysics Data System},
	Adsurl = {http://adsabs.harvard.edu/abs/2014ApJS..213...32M},
	Archiveprefix = {arXiv},
	Author = {{Murthy}, J.},
	Doi = {10.1088/0067-0049/213/2/32},
	Eid = {32},
	Eprint = {1406.5680},
	Journal = {\apjs},
	Keywords = {dust, extinction, local interstellar matter, surveys, ultraviolet: general},
	Month = aug,
	Pages = {32},
	Title = {{GALEX Diffuse Observations of the Sky: The Data}},
	Volume = {213},
	Year = {2014},
	Bdsk-Url-1 = {http://dx.doi.org/10.1088/0067-0049/213/2/32}}

@article{Murthy2014apss,
	Adsnote = {Provided by the SAO/NASA Astrophysics Data System},
	Adsurl = {http://adsabs.harvard.edu/abs/2014Ap%26SS.349..165M},
	Archiveprefix = {arXiv},
	Author = {{Murthy}, J.},
	Doi = {10.1007/s10509-013-1612-1},
	Eprint = {1307.5232},
	Journal = {\apss},
	Keywords = {Atmospheric effects, Diffuse radiation, Ultraviolet: general, Zodiacal dust},
	Month = jan,
	Pages = {165-169},
	Primaryclass = {astro-ph.IM},
	Title = {{The diffuse ultraviolet foreground}},
	Volume = {349},
	Year = {2014},
	Bdsk-Url-1 = {http://dx.doi.org/10.1007/s10509-013-1612-1}}

@misc{Murthy2015,
	Adsnote = {Provided by the SAO/NASA Astrophysics Data System},
	Adsurl = {http://adsabs.harvard.edu/abs/2015ascl.soft12012M},
	Archiveprefix = {ascl},
	Author = {{Murthy}, J.},
	Eprint = {1512.012},
	Howpublished = {Astrophysics Source Code Library},
	Keywords = {Software},
	Month = dec,
	Title = {{DiffuseModel: Modeling the diffuse ultraviolet background}},
	Year = {2015}}

@article{Murthy2016,
	Abstract = {I have used Monte Carlo models with multiple scattering to predict the dust scattered light from our Galaxy and have compared the predictions with data in two ultraviolet bands from the Galaxy Evolution Explorer spacecraft. I find that 90 per cent of the scattered light arises from less than 1000 stars with 25 per cent from the 10 brightest. About half of the diffuse radiation originates within 200 pc of the Sun with a maximum distance of 600 pc. Multiple scattering is important at any optical depth with 30 per cent of the flux being multiply scattered even at zero reddening. I find that the global distribution of the scattered light is insensitive to the dust distribution with grains of 0.3 < a < 0.5 and g < 0.6. There is an offset between the model and the data of 100 and 200 ph cm-2 s-1 sr-1 {\AA}-1 in the FUV and NUV, respectively, at the poles rising to 200-400 ph cm-2 s-1 sr-1 {\AA}-1 at lower latitudes. The Monte Carlo code and the models of diffuse radiation for different values of the optical constants are available for download.},
	Adsnote = {Provided by the SAO/NASA Astrophysics Data System},
	Adsurl = {http://adsabs.harvard.edu/abs/2016MNRAS.459.1710M},
	Archiveprefix = {arXiv},
	Author = {{Murthy}, J.},
	Doi = {10.1093/mnras/stw755},
	Eprint = {1601.00430},
	Journal = {\mnras},
	Keywords = {surveys, local interstellar matter, ultraviolet: general, ultraviolet: ISM},
	Month = jun,
	Pages = {1710-1720},
	Title = {{Modelling dust scattering in our Galaxy}},
	Volume = {459},
	Year = {2016},
	Bdsk-Url-1 = {http://dx.doi.org/10.1093/mnras/stw755}}

@article{Murthy_70231993,
	Adsnote = {Provided by the SAO/NASA Astrophysics Data System},
	Adsurl = {http://adsabs.harvard.edu/abs/1993ApJ...408L..97M},
	Author = {{Murthy}, J. and {Dring}, A. and {Henry}, R.~C. and {Kruk}, J.~W. and {Blair}, W.~P. and {Kimble}, R.~A. and {Durrance}, S.~T.},
	Doi = {10.1086/186840},
	Journal = {\apjl},
	Keywords = {Albedo, Interstellar Matter, Light Scattering, Nebulae, Ultraviolet Photography, Ultraviolet Telescopes, Airglow, Interstellar Extinction, Ultraviolet Spectra},
	Month = may,
	Pages = {L97-L100},
	Title = {{Hopkins Ultraviolet Telescope observations of far-ultraviolet scattering in NGC 7023 - The dust albedo}},
	Volume = {408},
	Year = {1993},
	Bdsk-Url-1 = {http://dx.doi.org/10.1086/186840}}

@article{Murthy_voy,
	Adsnote = {Provided by the SAO/NASA Astrophysics Data System},
	Adsurl = {http://adsabs.harvard.edu/abs/1999ApJ...522..904M},
	Author = {{Murthy}, J. and {Hall}, D. and {Earl}, M. and {Henry}, R.~C. and {Holberg}, J.~B.},
	Doi = {10.1086/307652},
	Journal = {\apj},
	Keywords = {COSMOLOGY: DIFFUSE RADIATION, ULTRAVIOLET: ISM, Cosmology: Diffuse Radiation, Ultraviolet: ISM},
	Month = sep,
	Pages = {904-914},
	Title = {{An Analysis of 17 Years of Voyager Observations of the Diffuse Far-Ultraviolet Radiation Field}},
	Volume = {522},
	Year = {1999},
	Bdsk-Url-1 = {http://dx.doi.org/10.1086/307652}}

@Article{Murthy_model1995,
  author     = {{Murthy}, J. and {Henry}, R.~C.},
  title      = {{A Model of the Diffuse Ultraviolet Radiation Field}},
  journal    = {\apj},
  year       = {1995},
  volume     = {448},
  pages      = {848},
  month      = aug,
  adsnote    = {Provided by the SAO/NASA Astrophysics Data System},
  adsurl     = {http://adsabs.harvard.edu/abs/1995ApJ...448..848M},
  bdsk-url-1 = {http://dx.doi.org/10.1086/176012},
  doi        = {10.1086/176012},
  keywords   = {COSMOLOGY: DIFFUSE RADIATION, ISM: DUST, EXTINCTION, SCATTERING, ULTRAVIOLET: GENERAL},
}

@article{Murthy2011,
	Adsnote = {Provided by the SAO/NASA Astrophysics Data System},
	Adsurl = {http://adsabs.harvard.edu/abs/2011ApJ...734...13M},
	Archiveprefix = {arXiv},
	Author = {{Murthy}, J. and Henry, R. C},
	Doi = {10.1088/0004-637X/734/1/13},
	Eid = {13},
	Eprint = {1011.5982},
	Journal = {\apj},
	Keywords = {dust, extinction, ISM: clouds, ultraviolet: ISM},
	Month = jun,
	Pages = {13},
	Primaryclass = {astro-ph.GA},
	Title = {{Dust-scattered Ultraviolet Halos around Bright Stars}},
	Volume = {734},
	Year = {2011},
	Bdsk-Url-1 = {http://dx.doi.org/10.1088/0004-637X/734/1/13}}

@article{Murthy1991,
	Adsnote = {Provided by the SAO/NASA Astrophysics Data System},
	Adsurl = {http://adsabs.harvard.edu/abs/1991ApJ...383..198M},
	Author = {{Murthy}, J. and {Henry}, R.~C. and {Holberg}, J.~B.},
	Doi = {10.1086/170776},
	Journal = {\apj},
	Keywords = {Background Radiation, Cosmic Dust, Diffuse Radiation, Far Ultraviolet Radiation, Interstellar Matter, Sky Radiation, Ultraviolet Spectra, Optical Properties, Satellite Observation, Ultraviolet Spectrometers, Voyager 2 Spacecraft},
	Month = dec,
	Pages = {198-204},
	Title = {{Constraints on the optical properties of interstellar dust in the far-ultraviolet - Voyager observations of the diffuse sky background}},
	Volume = {383},
	Year = {1991},
	Bdsk-Url-1 = {http://dx.doi.org/10.1086/170776}}

@Article{Murthy_CS1994,
  author     = {{Murthy}, J. and {Henry}, R.~C. and {Holberg}, J.~B.},
  title      = {{Voyager observations of dust scattering near the Coalsack nebula}},
  journal    = {\apj},
  year       = {1994},
  volume     = {428},
  pages      = {233-236},
  month      = jun,
  adsnote    = {Provided by the SAO/NASA Astrophysics Data System},
  adsurl     = {http://adsabs.harvard.edu/abs/1994ApJ...428..233M},
  bdsk-url-1 = {http://dx.doi.org/10.1086/174234},
  doi        = {10.1086/174234},
  keywords   = {Astronomical Spectroscopy, B Stars, Cosmic Dust, Far Ultraviolet Radiation, Forward Scattering, Interstellar Extinction, Nebulae, Diffuse Radiation, Particle Size Distribution, Ultraviolet Spectrometers, Voyager 1 Spacecraft, Voyager 2 Spacecraft},
}

@article{Murthy_galex_data2010,
	Adsnote = {Provided by the SAO/NASA Astrophysics Data System},
	Adsurl = {http://adsabs.harvard.edu/abs/2010ApJ...724.1389M},
	Archiveprefix = {arXiv},
	Author = {{Murthy}, J. and {Henry}, R.~C. and {Sujatha}, N.~V.},
	Doi = {10.1088/0004-637X/724/2/1389},
	Eprint = {1009.4530},
	Journal = {\apj},
	Keywords = {diffuse radiation, dust, extinction, surveys, ultraviolet: ISM},
	Month = dec,
	Pages = {1389-1395},
	Primaryclass = {astro-ph.GA},
	Title = {{Mapping the Diffuse Ultraviolet Sky with the Galaxy Evolution Explorer}},
	Volume = {724},
	Year = {2010},
	Bdsk-Url-1 = {http://dx.doi.org/10.1088/0004-637X/724/2/1389}}

@article{Murthyvoy1993,
	Adsnote = {Provided by the SAO/NASA Astrophysics Data System},
	Adsurl = {http://adsabs.harvard.edu/abs/1993ApJ...419..739M},
	Author = {{Murthy}, J. and {Im}, M. and {Henry}, R.~C. and {Holberg}, J.~B.},
	Doi = {10.1086/173524},
	Journal = {\apj},
	Keywords = {COSMOLOGY: DIFFUSE RADIATION, ISM: BUBBLES, ISM: INDIVIDUAL NAME: ERIDANUS, ULTRAVIOLET: INTERSTELLAR},
	Month = dec,
	Pages = {739},
	Title = {{Voyager Observations of Diffuse Far-Ultraviolet Continuum and Line Emission in Eridanus}},
	Volume = {419},
	Year = {1993},
	Bdsk-Url-1 = {http://dx.doi.org/10.1086/173524}}

@Article{Murthy_sahnow2004,
  author     = {{Murthy}, J. and {Sahnow}, D.~J.},
  title      = {{Observations of the Diffuse Far-Ultraviolet Background with the Far Ultraviolet Spectroscopic Explorer}},
  journal    = {\apj},
  year       = {2004},
  volume     = {615},
  pages      = {315-322},
  month      = nov,
  adsnote    = {Provided by the SAO/NASA Astrophysics Data System},
  adsurl     = {http://adsabs.harvard.edu/abs/2004ApJ...615..315M},
  bdsk-url-1 = {http://dx.doi.org/10.1086/424441},
  doi        = {10.1086/424441},
  eprint     = {astro-ph/0407519},
  keywords   = {ISM: Dust, Extinction, Ultraviolet: ISM},
}

@article{Onaka1991,
	Adsnote = {Provided by the SAO/NASA Astrophysics Data System},
	Adsurl = {http://adsabs.harvard.edu/abs/1991ApJ...379..532O},
	Author = {{Onaka}, T. and {Kodaira}, K.},
	Doi = {10.1086/170526},
	Journal = {\apj},
	Keywords = {Diffuse Radiation, Far Ultraviolet Radiation, Ultraviolet Astronomy, Virgo Galactic Cluster, Emission Spectra, Faint Objects, Interstellar Matter, Neutrinos, Spatial Distribution},
	Month = oct,
	Pages = {532-548},
	Title = {{Vacuum ultraviolet imagery of the Virgo cluster region. III - Diffuse far-ultraviolet radiation at high Galactic latitudes}},
	Volume = {379},
	Year = {1991},
	Bdsk-Url-1 = {http://dx.doi.org/10.1086/170526}}

@article{Onaka1989,
	Adsnote = {Provided by the SAO/NASA Astrophysics Data System},
	Adsurl = {http://adsabs.harvard.edu/abs/1989ApJ...342..238O},
	Author = {{Onaka}, T. and {Tanaka}, W. and {Watanabe}, T. and {Watanabe}, J. and {Yamaguchi}, A. and {Nakagiri}, M. and {Kodaira}, K. and {Nakano}, M. and {Sasaki}, M. and {Tsujimura}, T. and {Yamashita}, K.},
	Doi = {10.1086/167588},
	Journal = {\apj},
	Keywords = {Elliptical Galaxies, Imagery, Spiral Galaxies, Ultraviolet Astronomy, Virgo Galactic Cluster, Color-Color Diagram, Energy Spectra, Red Shift, Sounding Rockets, Vacuum Spectroscopy},
	Month = jul,
	Pages = {238-249},
	Title = {{Vacuum ultraviolet imagery of the Virgo cluster region}},
	Volume = {342},
	Year = {1989},
	Bdsk-Url-1 = {http://dx.doi.org/10.1086/167588}}

@article{Overduin2004,
	Adsnote = {Provided by the SAO/NASA Astrophysics Data System},
	Adsurl = {http://adsabs.harvard.edu/abs/2004PhR...402..267O},
	Author = {{Overduin}, J.~M. and {Wesson}, P.~S.},
	Doi = {10.1016/j.physrep.2004.07.006},
	Eprint = {astro-ph/0407207},
	Journal = {\physrep},
	Month = nov,
	Pages = {267-406},
	Title = {{Dark matter and background light}},
	Volume = {402},
	Year = {2004},
	Bdsk-Url-1 = {http://dx.doi.org/10.1016/j.physrep.2004.07.006}}

@book{Overduin2008,
	Adsnote = {Provided by the SAO/NASA Astrophysics Data System},
	Adsurl = {http://adsabs.harvard.edu/abs/2008ldul.book.....O},
	Author = {{Overduin}, J.~M. and {Wesson}, P.~S.},
	Booktitle = {The light/dark universe , by Overduin, J.~M.; Wesson, Paul S..~ The light/dark universe, James M.~Overduin, Paul S.~Wesson., Singapore; Hackensack, N.J.: World Scientific Pub.~Co., c2008.},
	Doi = {10.1142/7001},
	Keywords = {Olbers' paradox, Dark matter (Astronomy), Dark energy (Astronomy), Galaxies, Cosmology},
	Title = {{The Light/Dark Universe: Light from Galaxies, Dark Matter and Dark Energy}},
	Year = {2008},
	Bdsk-Url-1 = {http://dx.doi.org/10.1142/7001}}

@article{Paresce1979,
	Adsnote = {Provided by the SAO/NASA Astrophysics Data System},
	Adsurl = {http://adsabs.harvard.edu/abs/1979ApJ...230..304P},
	Author = {{Paresce}, F. and {Bowyer}, S. and {Lampton}, M. and {Margon}, B.},
	Doi = {10.1086/157086},
	Journal = {\apj},
	Keywords = {Background Radiation, Extraterrestrial Radiation, Far Ultraviolet Radiation, Interstellar Matter, Ultraviolet Astronomy, Apollo Soyuz Test Project, Cosmic Dust, Galactic Radiation, Intergalactic Media},
	Month = jun,
	Pages = {304-310},
	Title = {{Observations of the cosmic background radiation at 1440 angstroms}},
	Volume = {230},
	Year = {1979},
	Bdsk-Url-1 = {http://dx.doi.org/10.1086/157086}}

@article{Paresce1980,
	Adsnote = {Provided by the SAO/NASA Astrophysics Data System},
	Adsurl = {http://adsabs.harvard.edu/abs/1980ApJ...240..387P},
	Author = {{Paresce}, F. and {McKee}, C.~F. and {Bowyer}, S.},
	Doi = {10.1086/158244},
	Journal = {\apj},
	Keywords = {Background Radiation, Far Ultraviolet Radiation, Galactic Radiation, Intergalactic Media, Ultraviolet Astronomy, Cosmic Dust, Interstellar Radiation, Red Shift, Stellar Radiation},
	Month = sep,
	Pages = {387-400},
	Title = {{Galactic and extragalactic contributions to the far-ultraviolet background}},
	Volume = {240},
	Year = {1980},
	Bdsk-Url-1 = {http://dx.doi.org/10.1086/158244}}

@inproceedings{Pati1998,
	Adsnote = {Provided by the SAO/NASA Astrophysics Data System},
	Adsurl = {http://adsabs.harvard.edu/abs/1998SPIE.3356..635P},
	Author = {{Pati}, A.~K. and {Rao}, N.~K.},
	Booktitle = {Space Telescopes and Instruments V},
	Editor = {{Bely}, P.~Y. and {Breckinridge}, J.~B.},
	Month = aug,
	Pages = {635-640},
	Series = {\procspie},
	Title = {{UV imaging telescope for the Indian Multiwavelength Astronomy Satellite}},
	Volume = 3356,
	Year = 1998}

@article{Perault1991,
	Adsnote = {Provided by the SAO/NASA Astrophysics Data System},
	Adsurl = {http://adsabs.harvard.edu/abs/1991A%26A...246..243P},
	Author = {{Perault}, M. and {Lequeux}, J. and {Hanus}, M. and {Joubert}, M.},
	Journal = {\aap},
	Keywords = {Background Radiation, Diffuse Radiation, Far Ultraviolet Radiation, Sky Surveys (Astronomy), Spaceborne Astronomy, Cosmic Dust, Interstellar Gas, Ionized Gases, Ultraviolet Spectrophotometers},
	Month = jun,
	Pages = {243--248},
	Title = {{The far-{UV} diffuse background revisited}},
	Volume = {246},
	Year = {1991}}

@article{Perryman1997,
	Adsnote = {Provided by the SAO/NASA Astrophysics Data System},
	Adsurl = {http://adsabs.harvard.edu/abs/1997A%26A...323L..49P},
	Author = {{Perryman}, M.~A.~C. and {Lindegren}, L. and {Kovalevsky}, J. and {Hoeg}, E. and {Bastian}, U. and {Bernacca}, P.~L. and {Cr{\'e}z{\'e}}, M. and {Donati}, F. and {Grenon}, M. and {Grewing}, M. and {van Leeuwen}, F. and {van der Marel}, H. and {Mignard}, F. and {Murray}, C.~A. and {Le Poole}, R.~S. and {Schrijver}, H. and {Turon}, C. and {Arenou}, F. and {Froeschl{\'e}}, M. and {Petersen}, C.~S.},
	Journal = {\aap},
	Month = jul,
	Title = {{The HIPPARCOS Catalogue}},
	Volume = {323},
	Year = {1997}}

@article{PlanckDust2016,
	Adsnote = {Provided by the SAO/NASA Astrophysics Data System},
	Adsurl = {http://adsabs.harvard.edu/abs/2016A%26A...586A.132P},
	Archiveprefix = {arXiv},
	Author = {{Planck Collaboration} and {Ade}, P.~A.~R. and {Aghanim}, N. and {Alves}, M.~I.~R. and {Aniano}, G. and {Arnaud}, M. and {Ashdown}, M. and {Aumont}, J. and {Baccigalupi}, C. and {Banday}, A.~J. and {Barreiro}, R.~B. and {Bartolo}, N. and {Battaner}, E. and {Benabed}, K. and {Benoit-L{\'e}vy}, A. and {Bernard}, J.-P. and {Bersanelli}, M. and {Bielewicz}, P. and {Bonaldi}, A. and {Bonavera}, L. and {Bond}, J.~R. and {Borrill}, J. and {Bouchet}, F.~R. and {Boulanger}, F. and {Burigana}, C. and {Butler}, R.~C. and {Calabrese}, E. and {Cardoso}, J.-F. and {Catalano}, A. and {Chamballu}, A. and {Chiang}, H.~C. and {Christensen}, P.~R. and {Clements}, D.~L. and {Colombi}, S. and {Colombo}, L.~P.~L. and {Couchot}, F. and {Crill}, B.~P. and {Curto}, A. and {Cuttaia}, F. and {Danese}, L. and {Davies}, R.~D. and {Davis}, R.~J. and {de Bernardis}, P. and {de Rosa}, A. and {de Zotti}, G. and {Delabrouille}, J. and {Dickinson}, C. and {Diego}, J.~M. and {Dole}, H. and {Donzelli}, S. and {Dor{\'e}}, O. and {Douspis}, M. and {Draine}, B.~T. and {Ducout}, A. and {Dupac}, X. and {Efstathiou}, G. and {Elsner}, F. and {En{\ss}lin}, T.~A. and {Eriksen}, H.~K. and {Falgarone}, E. and {Finelli}, F. and {Forni}, O. and {Frailis}, M. and {Fraisse}, A.~A. and {Franceschi}, E. and {Frejsel}, A. and {Galeotta}, S. and {Galli}, S. and {Ganga}, K. and {Ghosh}, T. and {Giard}, M. and {Gjerl{\o}w}, E. and {Gonz{\'a}lez-Nuevo}, J. and {G{\'o}rski}, K.~M. and {Gregorio}, A. and {Gruppuso}, A. and {Guillet}, V. and {Hansen}, F.~K. and {Hanson}, D. and {Harrison}, D.~L. and {Henrot-Versill{\'e}}, S. and {Hern{\'a}ndez-Monteagudo}, C. and {Herranz}, D. and {Hildebrandt}, S.~R. and {Hivon}, E. and {Holmes}, W.~A. and {Hovest}, W. and {Huffenberger}, K.~M. and {Hurier}, G. and {Jaffe}, A.~H. and {Jaffe}, T.~R. and {Jones}, W.~C. and {Keih{\"a}nen}, E. and {Keskitalo}, R. and {Kisner}, T.~S. and {Kneissl}, R. and {Knoche}, J. and {Kunz}, M. and {Kurki-Suonio}, H. and {Lagache}, G. and {Lamarre}, J.-M. and {Lasenby}, A. and {Lattanzi}, M. and {Lawrence}, C.~R. and {Leonardi}, R. and {Levrier}, F. and {Liguori}, M. and {Lilje}, P.~B. and {Linden-V{\o}rnle}, M. and {L{\'o}pez-Caniego}, M. and {Lubin}, P.~M. and {Mac{\'{\i}}as-P{\'e}rez}, J.~F. and {Maffei}, B. and {Maino}, D. and {Mandolesi}, N. and {Maris}, M. and {Marshall}, D.~J. and {Martin}, P.~G. and {Mart{\'{\i}}nez-Gonz{\'a}lez}, E. and {Masi}, S. and {Matarrese}, S. and {Mazzotta}, P. and {Melchiorri}, A. and {Mendes}, L. and {Mennella}, A. and {Migliaccio}, M. and {Miville-Desch{\^e}nes}, M.-A. and {Moneti}, A. and {Montier}, L. and {Morgante}, G. and {Mortlock}, D. and {Munshi}, D. and {Murphy}, J.~A. and {Naselsky}, P. and {Natoli}, P. and {N{\o}rgaard-Nielsen}, H.~U. and {Novikov}, D. and {Novikov}, I. and {Oxborrow}, C.~A. and {Pagano}, L. and {Pajot}, F. and {Paladini}, R. and {Paoletti}, D. and {Pasian}, F. and {Perdereau}, O. and {Perotto}, L. and {Perrotta}, F. and {Pettorino}, V. and {Piacentini}, F. and {Piat}, M. and {Plaszczynski}, S. and {Pointecouteau}, E. and {Polenta}, G. and {Ponthieu}, N. and {Popa}, L. and {Pratt}, G.~W. and {Prunet}, S. and {Puget}, J.-L. and {Rachen}, J.~P. and {Reach}, W.~T. and {Rebolo}, R. and {Reinecke}, M. and {Remazeilles}, M. and {Renault}, C. and {Ristorcelli}, I. and {Rocha}, G. and {Roudier}, G. and {Rubi{\~n}o-Mart{\'{\i}}n}, J.~A. and {Rusholme}, B. and {Sandri}, M. and {Santos}, D. and {Scott}, D. and {Spencer}, L.~D. and {Stolyarov}, V. and {Sudiwala}, R. and {Sunyaev}, R. and {Sutton}, D. and {Suur-Uski}, A.-S. and {Sygnet}, J.-F. and {Tauber}, J.~A. and {Terenzi}, L. and {Toffolatti}, L. and {Tomasi}, M. and {Tristram}, M. and {Tucci}, M. and {Umana}, G. and {Valenziano}, L. and {Valiviita}, J. and {Van Tent}, B. and {Vielva}, P. and {Villa}, F. and {Wade}, L.~A. and {Wandelt}, B.~D. and {Wehus}, I.~K. and {Ysard}, N. and {Yvon}, D. and {Zacchei}, A. and {Zonca}, A.},
	Doi = {10.1051/0004-6361/201424945},
	Eid = {A132},
	Eprint = {1409.2495},
	Journal = {\aap},
	Keywords = {dust, extinction, ISM: general},
	Month = feb,
	Pages = {A132},
	Title = {{Planck intermediate results. XXIX. All-sky dust modelling with Planck, IRAS, and WISE observations}},
	Volume = {586},
	Year = {2016},
	Bdsk-Url-1 = {http://dx.doi.org/10.1051/0004-6361/201424945}}

@article{Postma2011,
	Adsnote = {Provided by the SAO/NASA Astrophysics Data System},
	Adsurl = {http://adsabs.harvard.edu/abs/2011PASP..123..833P},
	Archiveprefix = {arXiv},
	Author = {{Postma}, J. and {Hutchings}, J.~B. and {Leahy}, D.},
	Doi = {10.1086/661187},
	Eprint = {1105.5361},
	Journal = {\pasp},
	Month = jul,
	Pages = {833-843},
	Primaryclass = {astro-ph.IM},
	Title = {{Calibration and Performance of the Photon-counting Detectors for the Ultraviolet Imaging Telescope (UVIT) of the Astrosat Observatory}},
	Volume = 123,
	Year = 2011,
	Bdsk-Url-1 = {http://dx.doi.org/10.1086/661187}}

@inproceedings{Primack2008,
	Adsnote = {Provided by the SAO/NASA Astrophysics Data System},
	Adsurl = {http://adsabs.harvard.edu/abs/2008AIPC.1085...71P},
	Archiveprefix = {arXiv},
	Author = {{Primack}, J.~R. and {Gilmore}, R.~C. and {Somerville}, R.~S.},
	Booktitle = {American Institute of Physics Conference Series},
	Doi = {10.1063/1.3076779},
	Editor = {{Aharonian}, F.~A. and {Hofmann}, W. and {Rieger}, F.},
	Eprint = {0811.3230},
	Keywords = {Protogalaxies, primordial galaxies, Binary and multiple stars, gamma-ray},
	Month = dec,
	Pages = {71-82},
	Series = {American Institute of Physics Conference Series},
	Title = {{Diffuse Extragalactic Background Radiation}},
	Volume = {1085},
	Year = {2008},
	Bdsk-Url-1 = {http://dx.doi.org/10.1063/1.3076779}}

@article{Puthiyaveettil2010,
	Adsnote = {Provided by the SAO/NASA Astrophysics Data System},
	Adsurl = {http://adsabs.harvard.edu/abs/2010MNRAS.408...53P},
	Author = {{Puthiyaveettil}, S. and {Murthy}, J. and {Fix}, J.~D.},
	Doi = {10.1111/j.1365-2966.2010.17149.x},
	Journal = {\mnras},
	Keywords = {dust, extinction, local interstellar matter, ultraviolet: ISM},
	Month = oct,
	Pages = {53-56},
	Title = {{Modelling the diffuse ultraviolet radiation observed by Dynamics Explorer 1}},
	Volume = {408},
	Year = {2010},
	Bdsk-Url-1 = {http://dx.doi.org/10.1111/j.1365-2966.2010.17149.x}}

@article{Rampazzo2007,
	Adsnote = {Provided by the SAO/NASA Astrophysics Data System},
	Adsurl = {http://adsabs.harvard.edu/abs/2007MNRAS.381..245R},
	Archiveprefix = {arXiv},
	Author = {{Rampazzo}, R. and {Marino}, A. and {Tantalo}, R. and {Bettoni}, D. and {Buson}, L.~M. and {Chiosi}, C. and {Galletta}, G. and {Gr{\"u}tzbauch}, R. and {Rich}, R.~M.},
	Doi = {10.1111/j.1365-2966.2007.12246.x},
	Eprint = {0707.2896},
	Journal = {\mnras},
	Keywords = {galaxies: elliptical and lenticular, cD, galaxies: evolution, galaxies: formation, galaxies: fundamental parameters, galaxies: interactions},
	Month = oct,
	Pages = {245-262},
	Title = {{The Galaxy Evolution Explorer UV emission in shell galaxies: tracing galaxy `rejuvenation' episodes}},
	Volume = {381},
	Year = {2007},
	Bdsk-Url-1 = {http://dx.doi.org/10.1111/j.1365-2966.2007.12246.x}}

@book{Sandage1994,
	Adsnote = {Provided by the SAO/NASA Astrophysics Data System},
	Adsurl = {http://adsabs.harvard.edu/abs/1994cag..book.....S},
	Author = {{Sandage}, A. and {Bedke}, J.},
	Booktitle = {The Carnegie Atlas of Galaxies.~Volumes I, II., by Sandage, A.; Bedke, J..~ Carnegie Institution of Washington Publ., No.~638,},
	Title = {{The Carnegie Atlas of Galaxies. Volumes I, II.}},
	Year = {1994}}

@article{Sasseen1996,
	Adsnote = {Provided by the SAO/NASA Astrophysics Data System},
	Adsurl = {http://adsabs.harvard.edu/abs/1996ApJ...469..691S},
	Author = {{Sasseen}, T.~P. and {Deharveng}, J.-M.},
	Doi = {10.1086/177815},
	Journal = {\apj},
	Keywords = {ISM: DUST, EXTINCTION, ULTRAVIOLET: ISM, COSMOLOGY: DIFFUSE RADIATION, SCATTERING},
	Month = oct,
	Pages = {691},
	Title = {{Ultraviolet Background Radiation and Scattered Light from Galactic Dust}},
	Volume = {469},
	Year = {1996},
	Bdsk-Url-1 = {http://dx.doi.org/10.1086/177815}}

@article{Sasseen1995,
	Adsnote = {Provided by the SAO/NASA Astrophysics Data System},
	Adsurl = {http://adsabs.harvard.edu/abs/1995ApJ...447..630S},
	Author = {{Sasseen}, T.~P. and {Lampton}, M. and {Bowyer}, S. and {Wu}, X.},
	Doi = {10.1086/175905},
	Journal = {\apj},
	Keywords = {COSMOLOGY: DIFFUSE RADIATION, GALAXIES: EVOLUTION, ISM: GENERAL, ULTRAVIOLET: GENERAL},
	Month = jul,
	Pages = {630},
	Title = {{Observations of the Galactic and Extragalactic Background with the Far-Ultraviolet Space Telescope (FAUST)}},
	Volume = {447},
	Year = {1995},
	Bdsk-Url-1 = {http://dx.doi.org/10.1086/175905}}

@article{Schiminovich2001,
	Adsnote = {Provided by the SAO/NASA Astrophysics Data System},
	Adsurl = {http://adsabs.harvard.edu/abs/2001ApJ...563L.161S},
	Author = {{Schiminovich}, D. and {Friedman}, P.~G. and {Martin}, C. and {Morrissey}, P.~F.},
	Doi = {10.1086/338656},
	Eprint = {astro-ph/9905362},
	Journal = {\apjl},
	Keywords = {Radiative Transfer, Scattering, Ultraviolet: ISM},
	Month = dec,
	Pages = {L161-L164},
	Title = {{The Narrowband Ultraviolet Imaging Experiment for Wide-Field Surveys. I. Dust-scattered Continuum}},
	Volume = {563},
	Year = {2001},
	Bdsk-Url-1 = {http://dx.doi.org/10.1086/338656}}

@article{Schlegel1998,
	Abstract = {We present a full-sky 100 μm map that is a reprocessed composite of the COBE/DIRBE and IRAS/ISSA maps, with the zodiacal foreground and confirmed point sources removed. Before using the ISSA maps, we remove the remaining artifacts from the IRAS scan pattern. Using the DIRBE 100 and 240 μm data, we have constructed a map of the dust temperature so that the 100 μm map may be converted to a map proportional to dust column density. The dust temperature varies from 17 to 21 K, which is modest but does modify the estimate of the dust column by a factor of 5. The result of these manipulations is a map with DIRBE quality calibration and IRAS resolution. A wealth of filamentary detail is apparent on many different scales at all Galactic latitudes. In high-latitude regions, the dust map correlates well with maps of H I emission, but deviations are coherent in the sky and are especially conspicuous in regions of saturation of H I emission toward denser clouds and of formation of H2 in molecular clouds. In contrast, high-velocity H I clouds are deficient in dust emission, as expected.  To generate the full-sky dust maps, we must first remove zodiacal light contamination, as well as a possible cosmic infrared background (CIB). This is done via a regression analysis of the 100 μm DIRBE map against the Leiden-Dwingeloo map of H I emission, with corrections for the zodiacal light via a suitable expansion of the DIRBE 25 μm flux. This procedure removes virtually all traces of the zodiacal foreground. For the 100 μm map no significant CIB is detected. At longer wavelengths, where the zodiacal contamination is weaker, we detect the CIB at surprisingly high flux levels of 32 +/- 13 nW m-2 sr-1 at 140 μm and of 17 +/- 4 nW m-2 sr-1 at 240 μm (95% confidence). This integrated flux ~2 times that extrapolated from optical galaxies in the Hubble Deep Field.  The primary use of these maps is likely to be as a new estimator of Galactic extinction. To calibrate our maps, we assume a standard reddening law and use the colors of elliptical galaxies to measure the reddening per unit flux density of 100 μm emission. We find consistent calibration using the B-R color distribution of a sample of the 106 brightest cluster ellipticals, as well as a sample of 384 ellipticals with B-V and Mg line strength measurements. For the latter sample, we use the correlation of intrinsic B-V versus Mg2 index to tighten the power of the test greatly. We demonstrate that the new maps are twice as accurate as the older Burstein-Heiles reddening estimates in regions of low and moderate reddening. The maps are expected to be significantly more accurate in regions of high reddening. These dust maps will also be useful for estimating millimeter emission that contaminates cosmic microwave background radiation experiments and for estimating soft X-ray absorption. We describe how to access our maps readily for general use.},
	Adsnote = {Provided by the SAO/NASA Astrophysics Data System},
	Adsurl = {http://adsabs.harvard.edu/abs/1998ApJ...500..525S},
	Author = {{Schlegel}, D.~J. and {Finkbeiner}, D.~P. and {Davis}, M.},
	Doi = {10.1086/305772},
	Eprint = {astro-ph/9710327},
	Journal = {\apj},
	Keywords = {COSMOLOGY: DIFFUSE RADIATION, COSMOLOGY: COSMIC MICROWAVE BACKGROUND, ISM: DUST, EXTINCTION, INTERPLANETARY MEDIUM, INFRARED: ISM: CONTINUUM, Cosmology: Cosmic Microwave Background, Cosmology: Diffuse Radiation, ISM: Dust, Extinction, Infrared: ISM: Continuum, Interplanetary Medium},
	Month = jun,
	Pages = {525-553},
	Title = {{Maps of Dust Infrared Emission for Use in Estimation of Reddening and Cosmic Microwave Background Radiation Foregrounds}},
	Volume = {500},
	Year = {1998},
	Bdsk-Url-1 = {http://dx.doi.org/10.1086/305772}}

@article{Scoville2007,
	Adsnote = {Provided by the SAO/NASA Astrophysics Data System},
	Adsurl = {http://adsabs.harvard.edu/abs/2007ApJS..172....1S},
	Author = {{Scoville}, N. and {Aussel}, H. and {Brusa}, M. and {Capak}, P. and {Carollo}, C.~M. and {Elvis}, M. and {Giavalisco}, M. and {Guzzo}, L. and {Hasinger}, G. and {Impey}, C. and {Kneib}, J.-P. and {LeFevre}, O. and {Lilly}, S.~J. and {Mobasher}, B. and {Renzini}, A. and {Rich}, R.~M. and {Sanders}, D.~B. and {Schinnerer}, E. and {Schminovich}, D. and {Shopbell}, P. and {Taniguchi}, Y. and {Tyson}, N.~D.},
	Doi = {10.1086/516585},
	Eprint = {astro-ph/0612305},
	Journal = {\apjs},
	Keywords = {Cosmology: Observations, Cosmology: Dark Matter, Galaxies: Evolution, Galaxies: Formation, Cosmology: Large-Scale Structure of Universe, Surveys},
	Month = sep,
	Pages = {1-8},
	Title = {{The Cosmic Evolution Survey (COSMOS): Overview}},
	Volume = {172},
	Year = {2007},
	Bdsk-Url-1 = {http://dx.doi.org/10.1086/516585}}

@article{Seon2015,
	Adsnote = {Provided by the SAO/NASA Astrophysics Data System},
	Adsurl = {http://adsabs.harvard.edu/abs/2015JKAS...48...57S},
	Author = {{Seon}, K.-I.},
	Doi = {10.5303/JKAS.2015.48.1.57},
	Journal = {Journal of Korean Astronomical Society},
	Keywords = {dust: extinction, methods: numerical, radiative transfer},
	Month = feb,
	Pages = {57-66},
	Title = {{Monte-Carlo Radiative Transfer Model of the Diffuse Galactic Light}},
	Volume = {48},
	Year = {2015},
	Bdsk-Url-1 = {http://dx.doi.org/10.5303/JKAS.2015.48.1.57}}

@article{Seon2011,
	Adsnote = {Provided by the SAO/NASA Astrophysics Data System},
	Adsurl = {http://adsabs.harvard.edu/abs/2011ApJS..196...15S},
	Archiveprefix = {arXiv},
	Author = {{Seon}, K.-I. and {Edelstein}, J. and {Korpela}, E. and {Witt}, A. and {Min}, K.-W. and {Han}, W. and {Shinn}, J. and {Kim}, I.-J. and {Park}, J.-W.},
	Doi = {10.1088/0067-0049/196/2/15},
	Eid = {15},
	Eprint = {1006.4419},
	Journal = {\apjs},
	Keywords = {diffuse radiation, dust, extinction, ISM: structure, radiative transfer, scattering, ultraviolet: ISM},
	Month = oct,
	Pages = {15},
	Title = {{Observation of the Far-ultraviolet Continuum Background with SPEAR/FIMS}},
	Volume = {196},
	Year = {2011},
	Bdsk-Url-1 = {http://dx.doi.org/10.1088/0067-0049/196/2/15}}

@article{Shalima2004,
	Adsnote = {Provided by the SAO/NASA Astrophysics Data System},
	Adsurl = {http://adsabs.harvard.edu/abs/2004MNRAS.352.1319S},
	Author = {{Shalima}, P. and {Murthy}, J.},
	Doi = {10.1111/j.1365-2966.2004.08022.x},
	Journal = {\mnras},
	Keywords = {dust, extinction, ultraviolet: ISM},
	Month = aug,
	Pages = {1319-1322},
	Title = {{Modelling of dust scattering toward the Coalsack}},
	Volume = {352},
	Year = {2004},
	Bdsk-Url-1 = {http://dx.doi.org/10.1111/j.1365-2966.2004.08022.x}}

@article{Shalima2006,
	Adsnote = {Provided by the SAO/NASA Astrophysics Data System},
	Adsurl = {http://adsabs.harvard.edu/abs/2006MNRAS.367.1686S},
	Author = {{Shalima}, P. and {Sujatha}, N.~V. and {Murthy}, J. and {Henry}, R.~C. and {Sahnow}, D.~J.},
	Doi = {10.1111/j.1365-2966.2006.10071.x},
	Eprint = {astro-ph/0601388},
	Journal = {\mnras},
	Keywords = {dust, extinction, ultraviolet: ISM},
	Month = apr,
	Pages = {1686-1688},
	Title = {{Far-ultraviolet scattering by dust in Orion}},
	Volume = {367},
	Year = {2006},
	Bdsk-Url-1 = {http://dx.doi.org/10.1111/j.1365-2966.2006.10071.x}}

@article{Steinacker2013,
	Adsnote = {Provided by the SAO/NASA Astrophysics Data System},
	Adsurl = {http://adsabs.harvard.edu/abs/2013ARA%26A..51...63S},
	Archiveprefix = {arXiv},
	Author = {{Steinacker}, J. and {Baes}, M. and {Gordon}, K.~D.},
	Doi = {10.1146/annurev-astro-082812-141042},
	Eprint = {1303.4998},
	Journal = {\araa},
	Month = aug,
	Pages = {63-104},
	Primaryclass = {astro-ph.IM},
	Title = {{Three-Dimensional Dust Radiative Transfer*}},
	Volume = {51},
	Year = {2013},
	Bdsk-Url-1 = {http://dx.doi.org/10.1146/annurev-astro-082812-141042}}

@article{Sujatha2009,
	Adsnote = {Provided by the SAO/NASA Astrophysics Data System},
	Adsurl = {http://adsabs.harvard.edu/abs/2009ApJ...692.1333S},
	Archiveprefix = {arXiv},
	Author = {{Sujatha}, N.~V. and {Murthy}, J. and {Karnataki}, A. and {Henry}, R.~C. and {Bianchi}, L.},
	Doi = {10.1088/0004-637X/692/2/1333},
	Eprint = {0807.0189},
	Journal = {\apj},
	Keywords = {dust, extinction, scattering, ultraviolet: ISM},
	Month = feb,
	Pages = {1333-1338},
	Title = {{GALEX Observations of Diffuse UV Radiation at High Spatial Resolution from the Sandage Nebulosity}},
	Volume = {692},
	Year = {2009},
	Bdsk-Url-1 = {http://dx.doi.org/10.1088/0004-637X/692/2/1333}}

@article{Sujatha2007,
	Adsnote = {Provided by the SAO/NASA Astrophysics Data System},
	Adsurl = {http://adsabs.harvard.edu/abs/2007ApJ...665..363S},
	Archiveprefix = {arXiv},
	Author = {{Sujatha}, N.~V. and {Murthy}, J. and {Shalima}, P. and {Henry}, R.~C.},
	Doi = {10.1086/519439},
	Eprint = {0705.1752},
	Journal = {\apj},
	Keywords = {ISM: Dust, Extinction, Ultraviolet: ISM},
	Month = aug,
	Pages = {363-368},
	Title = {{Measurement of Dust Optical Properties in the Coalsack Nebula}},
	Volume = {665},
	Year = {2007},
	Bdsk-Url-1 = {http://dx.doi.org/10.1086/519439}}

@article{Sujatha2010,
	Adsnote = {Provided by the SAO/NASA Astrophysics Data System},
	Adsurl = {http://adsabs.harvard.edu/abs/2010ApJ...723.1549S},
	Archiveprefix = {arXiv},
	Author = {{Sujatha}, N.~V. and {Murthy}, J. and {Suresh}, R. and {Conn Henry}, R. and {Bianchi}, L.},
	Doi = {10.1088/0004-637X/723/2/1549},
	Eprint = {1009.3348},
	Journal = {\apj},
	Keywords = {dust, extinction, scattering, ultraviolet: ISM},
	Month = nov,
	Pages = {1549-1557},
	Title = {{GALEX Observations of Diffuse Ultraviolet Emission from Draco}},
	Volume = {723},
	Year = {2010},
	Bdsk-Url-1 = {http://dx.doi.org/10.1088/0004-637X/723/2/1549}}

@article{Sujatha2005,
	Adsnote = {Provided by the SAO/NASA Astrophysics Data System},
	Adsurl = {http://adsabs.harvard.edu/abs/2005ApJ...633..257S},
	Author = {{Sujatha}, N.~V. and {Shalima}, P. and {Murthy}, J. and {Henry}, R.~C.},
	Doi = {10.1086/444532},
	Eprint = {astro-ph/0507125},
	Journal = {\apj},
	Keywords = {ISM: Dust, Extinction, Infrared: ISM, Ultraviolet: ISM},
	Month = nov,
	Pages = {257-261},
	Title = {{Dust Properties in the Far-Ultraviolet in Ophiuchus}},
	Volume = {633},
	Year = {2005},
	Bdsk-Url-1 = {http://dx.doi.org/10.1086/444532}}

@article{Tennyson1988,
	Adsnote = {Provided by the SAO/NASA Astrophysics Data System},
	Adsurl = {http://adsabs.harvard.edu/abs/1988ApJ...330..435T},
	Author = {{Tennyson}, P.~D. and {Henry}, R.~C. and {Feldman}, P.~D. and {Hartig}, G.~F.},
	Doi = {10.1086/166481},
	Journal = {\apj},
	Keywords = {Astronomical Photometry, Background Radiation, Ultraviolet Radiation, Zodiacal Light, Airglow, Color, Cosmic Dust, Extragalactic Radio Sources, Line Spectra},
	Month = jul,
	Pages = {435-444},
	Title = {{Cosmic ultraviolet background radiation and zodiacal light}},
	Volume = {330},
	Year = {1988},
	Bdsk-Url-1 = {http://dx.doi.org/10.1086/166481}}

@article{Voyer2011,
	Adsnote = {Provided by the SAO/NASA Astrophysics Data System},
	Adsurl = {http://adsabs.harvard.edu/abs/2011ApJ...736...80V},
	Archiveprefix = {arXiv},
	Author = {{Voyer}, E.~N. and {Gardner}, J.~P. and {Teplitz}, H.~I. and {Siana}, B.~D. and {de Mello}, D.~F.},
	Doi = {10.1088/0004-637X/736/2/80},
	Eid = {80},
	Eprint = {1105.1398},
	Journal = {\apj},
	Keywords = {cosmology: observations, galaxies: evolution, galaxies: statistics, ultraviolet: galaxies},
	Month = aug,
	Pages = {80},
	Title = {{Far-ultraviolet Number Counts of Field Galaxies}},
	Volume = {736},
	Year = {2011},
	Bdsk-Url-1 = {http://dx.doi.org/10.1088/0004-637X/736/2/80}}

@article{Weller1983,
	Adsnote = {Provided by the SAO/NASA Astrophysics Data System},
	Adsurl = {http://adsabs.harvard.edu/abs/1983ApJ...268..899W},
	Author = {{Weller}, C.~S.},
	Doi = {10.1086/161012},
	Journal = {\apj},
	Keywords = {Airglow, Background Radiation, Far Ultraviolet Radiation, Milky Way Galaxy, Neutrinos, Spaceborne Astronomy, Cosmic Dust, Energetic Particles, Galactic Radiation, Radioactive Decay},
	Month = may,
	Pages = {899-904},
	Title = {{SOLRAD 11 observations of the far-ultraviolet background}},
	Volume = {268},
	Year = {1983},
	Bdsk-Url-1 = {http://dx.doi.org/10.1086/161012}}

@article{Welsh_FAUST2007,
	Adsnote = {Provided by the SAO/NASA Astrophysics Data System},
	Adsurl = {http://adsabs.harvard.edu/abs/2007A%26A...472..509W},
	Archiveprefix = {arXiv},
	Author = {{Welsh}, B.~Y. and {Edelstein}, J. and {Korpela}, E.~J. and {Kregenow}, J. and {Sirk}, M. and {Min}, K.-W. and {Park}, J.~W. and {Ryu}, K. and {Jin}, H. and {Yuk}, I.-S. and {Park}, J.-H.},
	Doi = {10.1051/0004-6361:20077685},
	Eprint = {0706.0927},
	Journal = {\aap},
	Keywords = {ISM: atoms, ultraviolet: ISM},
	Month = sep,
	Pages = {509-517},
	Title = {{SPEAR far UV spectral imaging of highly ionized emission from the North Galactic Pole region}},
	Volume = {472},
	Year = {2007},
	Bdsk-Url-1 = {http://dx.doi.org/10.1051/0004-6361:20077685}}

@article{Welsh2010,
	Adsnote = {Provided by the SAO/NASA Astrophysics Data System},
	Adsurl = {http://adsabs.harvard.edu/abs/2010A%26A...510A..54W},
	Archiveprefix = {arXiv},
	Author = {{Welsh}, B.~Y. and {Lallement}, R. and {Vergely}, J.-L. and {Raimond}, S.},
	Doi = {10.1051/0004-6361/200913202},
	Eid = {A54},
	Eprint = {0912.3040},
	Journal = {\aap},
	Keywords = {solar neighborhood, ISM: atoms, ISM: clouds},
	Month = feb,
	Pages = {A54},
	Title = {{New 3D gas density maps of NaI and CaII interstellar absorption within 300 pc}},
	Volume = {510},
	Year = {2010},
	Bdsk-Url-1 = {http://dx.doi.org/10.1051/0004-6361/200913202}}

@article{Witt1997,
	Adsnote = {Provided by the SAO/NASA Astrophysics Data System},
	Adsurl = {http://adsabs.harvard.edu/abs/1997ApJ...481..809W},
	Author = {{Witt}, A.~N. and {Friedmann}, B.~C. and {Sasseen}, T.~P.},
	Eprint = {astro-ph/9701017},
	Journal = {\apj},
	Keywords = {Cosmology: Diffuse Radiation, ISM: Dust, Extinction, Radiative Transfer, Scattering, Ultraviolet: ISM},
	Month = may,
	Pages = {809-820},
	Title = {{Radiative Transfer Analysis of Far-Ultraviolet Background Observations Obtained with the Far Ultraviolet Space Telescope}},
	Volume = {481},
	Year = {1997}}

@article{Witt_clumpy1996,
	Adsnote = {Provided by the SAO/NASA Astrophysics Data System},
	Adsurl = {http://adsabs.harvard.edu/abs/1996ApJ...463..681W},
	Author = {{Witt}, A.~N. and {Gordon}, K.~D.},
	Doi = {10.1086/177282},
	Journal = {\apj},
	Keywords = {ISM: DUST, EXTINCTION, RADIATIVE TRANSFER},
	Month = jun,
	Pages = {681},
	Title = {{Multiple Scattering in Clumpy Media. I. Escape of Stellar Radiation from a Clumpy Scattering Environment}},
	Volume = {463},
	Year = {1996},
	Bdsk-Url-1 = {http://dx.doi.org/10.1086/177282}}

@article{Witt1973,
	Adsnote = {Provided by the SAO/NASA Astrophysics Data System},
	Adsurl = {http://adsabs.harvard.edu/abs/1973A%26A....25..397W},
	Author = {{Witt}, A.~N. and {Lillie}, C.~F.},
	Journal = {\aap},
	Month = jun,
	Pages = {397},
	Title = {{Diffuse Galactic Light and the Albedo of Interstellar Dust in the 1500{\AA} to 4250{\AA} Region}},
	Volume = {25},
	Year = {1973}}

@inproceedings{Witt1994,
	Adsnote = {Provided by the SAO/NASA Astrophysics Data System},
	Adsurl = {http://adsabs.harvard.edu/abs/1994ASPC...58...91W},
	Author = {{Witt}, A.~N. and {Petersohn}, J.~K.},
	Booktitle = {The First Symposium on the Infrared Cirrus and Diffuse Interstellar Clouds},
	Editor = {{Cutri}, R.~M. and {Latter}, W.~B.},
	Pages = {91},
	Series = {Astronomical Society of the Pacific Conference Series},
	Title = {{Scattering by Diffuse Clouds in the Galaxy: Searching for the Cosmic Background}},
	Volume = {58},
	Year = {1994}}

@article{Witt1992,
	Adsnote = {Provided by the SAO/NASA Astrophysics Data System},
	Adsurl = {http://adsabs.harvard.edu/abs/1992ApJ...395L...5W},
	Author = {{Witt}, A.~N. and {Petersohn}, J.~K. and {Bohlin}, R.~C. and {O'Connell}, R.~W. and {Roberts}, M.~S. and {Smith}, A.~M. and {Stecher}, T.~P.},
	Doi = {10.1086/186475},
	Journal = {\apjl},
	Keywords = {Cosmic Dust, Image Analysis, Reflection Nebulae, Ultraviolet Telescopes, Absorption Spectra, Albedo, Brightness Distribution, Radiative Transfer, Spaceborne Astronomy},
	Month = aug,
	Pages = {L5-L8},
	Title = {{Ultraviolet Imaging Telescope images of the reflection nebula NGC 7023 - Derivation of ultraviolet scattering properties of dust grains}},
	Volume = {395},
	Year = {1992},
	Bdsk-Url-1 = {http://dx.doi.org/10.1086/186475}}

@article{Witt1993,
	Adsnote = {Provided by the SAO/NASA Astrophysics Data System},
	Adsurl = {http://adsabs.harvard.edu/abs/1993ApJ...410..714W},
	Author = {{Witt}, A.~N. and {Petersohn}, J.~K. and {Holberg}, J.~B. and {Murthy}, J. and {Dring}, A. and {Henry}, R.~C.},
	Doi = {10.1086/172788},
	Journal = {\apj},
	Keywords = {Cosmic Dust, Reflection Nebulae, Spaceborne Astronomy, Voyager 2 Spacecraft, Astronomical Models, Astronomical Spectroscopy, Fluorescence, Light Scattering, Radiative Transfer, Ultraviolet Astronomy},
	Month = jun,
	Pages = {714-718},
	Title = {{Voyager 2 observations of NGC 7023 - Dust scattering shortward of 1600 A}},
	Volume = {410},
	Year = {1993},
	Bdsk-Url-1 = {http://dx.doi.org/10.1086/172788}}

@article{Witt1982,
	Adsnote = {Provided by the SAO/NASA Astrophysics Data System},
	Adsurl = {http://adsabs.harvard.edu/abs/1982ApJ...261..492W},
	Author = {{Witt}, A.~N. and {Walker}, G.~A.~H. and {Bohlin}, R.~C. and {Stecher}, T.~P.},
	Doi = {10.1086/160360},
	Journal = {\apj},
	Keywords = {Cosmic Dust, Interstellar Matter, Interstellar Radiation, Nebulae, Scattering Functions, Ultraviolet Astronomy, Brightness Distribution, Iue, Luminosity},
	Month = oct,
	Pages = {492-509},
	Title = {{The scattering phase function of interstellar grains - The case of the reflection nebula NGC 7023}},
	Volume = {261},
	Year = {1982},
	Bdsk-Url-1 = {http://dx.doi.org/10.1086/160360}}

@article{Wood1999,
	Adsnote = {Provided by the SAO/NASA Astrophysics Data System},
	Adsurl = {http://adsabs.harvard.edu/abs/1999ApJ...525..799W},
	Author = {{Wood}, K. and {Reynolds}, R.~J.},
	Doi = {10.1086/307939},
	Eprint = {astro-ph/9905289},
	Journal = {\apj},
	Keywords = {COSMOLOGY: DIFFUSE RADIATION, ISM: DUST, EXTINCTION, ISM: H II REGIONS, POLARIZATION, RADIATIVE TRANSFER, Cosmology: Diffuse Radiation, ISM: Dust, Extinction, ISM: H II Regions, Polarization, Radiative Transfer},
	Month = nov,
	Pages = {799-807},
	Title = {{A Model for the Scattered Light Contribution and Polarization of the Diffuse H{$\alpha$} Galactic Background}},
	Volume = {525},
	Year = {1999},
	Bdsk-Url-1 = {http://dx.doi.org/10.1086/307939}}

@article{Wright1992,
	Adsnote = {Provided by the SAO/NASA Astrophysics Data System},
	Adsurl = {http://adsabs.harvard.edu/abs/1992ApJ...391...34W},
	Author = {{Wright}, E.~L.},
	Doi = {10.1086/171323},
	Journal = {\apj},
	Keywords = {Milky Way Galaxy, Relic Radiation, Ultraviolet Radiation, Astronomical Maps, Galactic Structure, Gravitational Effects},
	Month = may,
	Pages = {34-38},
	Title = {{An upper limit on the cosmic ultraviolet background}},
	Volume = {391},
	Year = {1992},
	Bdsk-Url-1 = {http://dx.doi.org/10.1086/171323}}

@article{Xu2005,
	Adsnote = {Provided by the SAO/NASA Astrophysics Data System},
	Adsurl = {http://adsabs.harvard.edu/abs/2005ApJ...619L..11X},
	Author = {{Xu}, C.~K. and {Donas}, J. and {Arnouts}, S. and {Wyder}, T.~K. and {Seibert}, M. and {Iglesias-P{\'a}ramo}, J. and {Blaizot}, J. and {Small}, T. and {Milliard}, B. and {Schiminovich}, D. and {Martin}, D.~C. and {Barlow}, T.~A. and {Bianchi}, L. and {Byun}, Y.-I. and {Forster}, K. and {Friedman}, P.~G. and {Heckman}, T.~M. and {Jelinsky}, P.~N. and {Lee}, Y.-W. and {Madore}, B.~F. and {Malina}, R.~F. and {Morrissey}, P. and {Neff}, S.~G. and {Rich}, R.~M. and {Siegmund}, O.~H.~W. and {Szalay}, A.~S. and {Welsh}, B.~Y.},
	Doi = {10.1086/425252},
	Eprint = {astro-ph/0411317},
	Journal = {\apjl},
	Keywords = {Galaxies: Active, Galaxies: Evolution, Galaxies: Photometry, Galaxies: Stellar Content, Stars: Formation, Ultraviolet: Galaxies},
	Month = jan,
	Pages = {L11-L14},
	Title = {{Number Counts of GALEX Sources in Far-Ultraviolet (1530 {\AA}) and Near-Ultraviolet (2310 {\AA}) Bands}},
	Volume = {619},
	Year = {2005},
	Bdsk-Url-1 = {http://dx.doi.org/10.1086/425252}}

@article{Xue2008,
	Adsnote = {Provided by the SAO/NASA Astrophysics Data System},
	Adsurl = {http://adsabs.harvard.edu/abs/2008ApJ...684.1143X},
	Archiveprefix = {arXiv},
	Author = {{Xue}, X.~X. and {Rix}, H.~W. and {Zhao}, G. and {Re Fiorentin}, P. and {Naab}, T. and {Steinmetz}, M. and {van den Bosch}, F.~C. and {Beers}, T.~C. and {Lee}, Y.~S. and {Bell}, E.~F. and {Rockosi}, C. and {Yanny}, B. and {Newberg}, H. and {Wilhelm}, R. and {Kang}, X. and {Smith}, M.~C. and {Schneider}, D.~P.},
	Doi = {10.1086/589500},
	Eid = {1143-1158},
	Eprint = {0801.1232},
	Journal = {\apj},
	Keywords = {dark matter, galaxies: individual: Milky Way, Galaxy: halo, stars: horizontal-branch, stars: kinematics},
	Month = sep,
	Pages = {1143-1158},
	Title = {{The Milky Way's Circular Velocity Curve to 60 kpc and an Estimate of the Dark Matter Halo Mass from the Kinematics of \~{}2400 SDSS Blue Horizontal-Branch Stars}},
	Volume = {684},
	Year = {2008},
	Bdsk-Url-1 = {http://dx.doi.org/10.1086/589500}}

@article{Yusef-Zadeh1984,
	Adsnote = {Provided by the SAO/NASA Astrophysics Data System},
	Adsurl = {http://adsabs.harvard.edu/abs/1984ApJ...278..186Y},
	Author = {{Yusef-Zadeh}, F. and {Morris}, M. and {White}, R.~L.},
	Doi = {10.1086/161780},
	Journal = {\apj},
	Keywords = {Cosmic Dust, Interstellar Matter, Light (Visible Radiation), Monte Carlo Method, Radiative Transfer, Reflection Nebulae, Anisotropic Media, Astronomical Models, Astronomical Photography, Stellar Evolution},
	Month = mar,
	Pages = {186-194},
	Title = {{Bipolar reflection nebulae - Monte Carlo simulations}},
	Volume = {278},
	Year = {1984},
	Bdsk-Url-1 = {http://dx.doi.org/10.1086/161780}}

@article{2007ApJS..172..468Z,
	Adsnote = {Provided by the SAO/NASA Astrophysics Data System},
	Adsurl = {http://adsabs.harvard.edu/abs/2007ApJS..172..468Z},
	Author = {{Zamojski}, M.~A. and {Schiminovich}, D. and {Rich}, R.~M. and {Mobasher}, B. and {Koekemoer}, A.~M. and {Capak}, P. and {Taniguchi}, Y. and {Sasaki}, S.~S. and {McCracken}, H.~J. and {Mellier}, Y. and {Bertin}, E. and {Aussel}, H. and {Sanders}, D.~B. and {Le F{\`e}vre}, O. and {Ilbert}, O. and {Salvato}, M. and {Thompson}, D.~J. and {Kartaltepe}, J.~S. and {Scoville}, N. and {Barlow}, T.~A. and {Forster}, K. and {Friedman}, P.~G. and {Martin}, D.~C. and {Morrissey}, P. and {Neff}, S.~G. and {Seibert}, M. and {Small}, T. and {Wyder}, T.~K. and {Bianchi}, L. and {Donas}, J. and {Heckman}, T.~M. and {Lee}, Y.-W. and {Madore}, B.~F. and {Milliard}, B. and {Szalay}, A.~S. and {Welsh}, B.~Y. and {Yi}, S.~K.},
	Doi = {10.1086/516593},
	Eprint = {astro-ph/0701478},
	Journal = {\apjs},
	Keywords = {Galaxies: Evolution, Galaxies: Fundamental Parameters, Surveys},
	Month = sep,
	Pages = {468-493},
	Title = {{Deep GALEX Imaging of the COSMOS HST Field: A First Look at the Morphology of z \~{} 0.7 Star-forming Galaxies}},
	Volume = {172},
	Year = {2007},
	Bdsk-Url-1 = {http://dx.doi.org/10.1086/516593}}

@article{Zvereva1982,
	Adsnote = {Provided by the SAO/NASA Astrophysics Data System},
	Adsurl = {http://adsabs.harvard.edu/abs/1982A%26A...116..312Z},
	Author = {{Zvereva}, A.~M. and {Severnyi}, A.~B. and {Granitskii}, L.~V. and {Hua}, C.~T. and {Cruvellier}, P. and {Courtes}, G.},
	Journal = {\aap},
	Keywords = {Background Radiation, Galactic Radiation, Milky Way Galaxy, Sky Radiation, Ultraviolet Astronomy, Astronomical Spectroscopy, Diffuse Radiation, Light Scattering, Luminous Intensity, Spaceborne Experiments},
	Month = dec,
	Pages = {312-322},
	Title = {{Ultraviolet spectrum of the sky background at different galactic latitudes}},
	Volume = {116},
	Year = {1982}}

@article{Murthy_voy_ovi_2001,
	Adsnote = {Provided by the SAO/NASA Astrophysics Data System},
	Adsurl = {http://adsabs.harvard.edu/abs/2001ApJ...557L..47M},
	Author = {{Murthy}, J. and {Henry}, R.~C. and {Shelton}, R.~L. and {Holberg}, J.~B.},
	Doi = {10.1086/323041},
	Eprint = {astro-ph/0105214},
	Journal = {\apjl},
	Keywords = {Galaxy: Halo, ISM: General},
	Month = aug,
	Pages = {L47-L50},
	Title = {{Upper Limits on O VI Emission From Voyager Observations}},
	Volume = {557},
	Year = {2001},
	Bdsk-Url-1 = {http://dx.doi.org/10.1086/323041}}

@article{Weaver_nh_2008,
	Adsnote = {Provided by the SAO/NASA Astrophysics Data System},
	Adsurl = {http://adsabs.harvard.edu/abs/2008SSRv..140...75W},
	Archiveprefix = {arXiv},
	Author = {{Weaver}, H.~A. and {Gibson}, W.~C. and {Tapley}, M.~B. and {Young}, L.~A. and {Stern}, S.~A.},
	Doi = {10.1007/s11214-008-9376-6},
	Eprint = {0709.4261},
	Journal = {\ssr},
	Keywords = {New Horizons mission, Pluto, Kuiper belt},
	Month = oct,
	Pages = {75-91},
	Title = {{Overview of the New Horizons Science Payload}},
	Volume = {140},
	Year = {2008},
	Bdsk-Url-1 = {http://dx.doi.org/10.1007/s11214-008-9376-6}}

@article{Stern_NH_2008,
	Adsnote = {Provided by the SAO/NASA Astrophysics Data System},
	Adsurl = {http://adsabs.harvard.edu/abs/2008SSRv..140....3S},
	Archiveprefix = {arXiv},
	Author = {{Stern}, S.~A.},
	Doi = {10.1007/s11214-007-9295-y},
	Eprint = {0709.4417},
	Journal = {\ssr},
	Keywords = {Pluto, New Horizons, Mission, Kuiper belt},
	Month = oct,
	Pages = {3-21},
	Title = {{The New Horizons Pluto Kuiper Belt Mission: An Overview with Historical Context}},
	Volume = {140},
	Year = {2008},
	Bdsk-Url-1 = {http://dx.doi.org/10.1007/s11214-007-9295-y}}

@article{2008SSRv..140...93Y,
	Adsnote = {Provided by the SAO/NASA Astrophysics Data System},
	Adsurl = {http://adsabs.harvard.edu/abs/2008SSRv..140...93Y},
	Archiveprefix = {arXiv},
	Author = {{Young}, L.~A. and {Stern}, S.~A. and {Weaver}, H.~A. and {Bagenal}, F. and {Binzel}, R.~P. and {Buratti}, B. and {Cheng}, A.~F. and {Cruikshank}, D. and {Gladstone}, G.~R. and {Grundy}, W.~M. and {Hinson}, D.~P. and {Horanyi}, M. and {Jennings}, D.~E. and {Linscott}, I.~R. and {McComas}, D.~J. and {McKinnon}, W.~B. and {McNutt}, R. and {Moore}, J.~M. and {Murchie}, S. and {Olkin}, C.~B. and {Porco}, C.~C. and {Reitsema}, H. and {Reuter}, D.~C. and {Spencer}, J.~R. and {Slater}, D.~C. and {Strobel}, D. and {Summers}, M.~E. and {Tyler}, G.~L.},
	Doi = {10.1007/s11214-008-9462-9},
	Eprint = {0709.4270},
	Journal = {\ssr},
	Keywords = {Pluto, Charon, Nix, Hydra, New Horizons},
	Month = oct,
	Pages = {93-127},
	Title = {{New Horizons: Anticipated Scientific Investigations at the Pluto System}},
	Volume = {140},
	Year = {2008},
	Bdsk-Url-1 = {http://dx.doi.org/10.1007/s11214-008-9462-9}}

@inbook{Gladstone_ipm,
	Adsnote = {Provided by the SAO/NASA Astrophysics Data System},
	Adsurl = {http://adsabs.harvard.edu/abs/2013ccfu.book..177G},
	Author = {{Gladstone}, G.~R. and {Stern}, S.~A. and {Pryor}, W.~R.},
	Booktitle = {Cross-Calibration of Far UV Spectra of Solar System Objects and the Heliosphere},
	Date-Modified = {2017-10-05 05:22:50 +0000},
	Doi = {10.1007/978-1-4614-6384-9_6},
	Editor = {{Qu{\'e}merais}, E. and {Snow}, M. and {Bonnet}, R.-M.},
	Keywords = {Physics},
	Pages = {177},
	Title = {{New Horizons Cruise Observations of Lyman-{$\alpha$} Emissions from the Interplanetary Medium}},
	Year = {2013},
	Bdsk-Url-1 = {http://dx.doi.org/10.1007/978-1-4614-6384-9_6}}

@Article{Rauw2012,
  author   = {{Rauw}, G. and {Morel}, T. and {Palate}, M.},
  title    = {{The nature of the high Galactic latitude O-star HD 93521: new results from X-ray and optical spectroscopy}},
  journal  = {\aap},
  year     = {2012},
  volume   = {546},
  pages    = {A77},
  month    = Oct,
  adsnote  = {Provided by the SAO/NASA Astrophysics Data System},
  adsurl   = {https://ui.adsabs.harvard.edu/#abs/2012A&A...546A..77R},
  doi      = {10.1051/0004-6361/201219865},
  eid      = {A77},
  keywords = {stars: early-type, stars: fundamental parameters, stars: abundances, stars: massive, stars: individual: HD 93521, X-rays: stars, Astrophysics - Solar and Stellar Astrophysics},
}

@Article{Akshaya2018,
  author   = {{Akshaya}, M.~S. and {Murthy}, Jayant and {Ravichandran}, S. and {Henry}, R.~C. and {Overduin}, James},
  title    = {{The Diffuse Radiation Field at High Galactic Latitudes}},
  journal  = {\apj},
  year     = {2018},
  volume   = {858},
  pages    = {101},
  month    = May,
  adsnote  = {Provided by the SAO/NASA Astrophysics Data System},
  adsurl   = {https://ui.adsabs.harvard.edu/#abs/2018ApJ...858..101A},
  doi      = {10.3847/1538-4357/aabcb9},
  eid      = {101},
  keywords = {dust, extinction, local interstellar matter, surveys, ultraviolet: general, ultraviolet: ISM},
}

@Article{MurthyIAU,
  author  = {{Murthy}, Jayant and {Witt}, Adolf and {Baggaley}, W. Jack and {Dwek}, Eli and {Levasseur-Regourd}, Anny-Chantal and {Mann}, Ingrid and {Mattila}, Kalevi and {Watanabe}, Jun-Ichi},
  title   = {{Division G Commission 21: Galactic and Extragalactic Backgrounds Radiation}},
  journal = {Transactions of the International Astronomical Union, Series A},
  year    = {2016},
  volume  = {29A},
  pages   = {522-524},
  month   = {Apr},
  adsnote = {Provided by the SAO/NASA Astrophysics Data System},
  adsurl  = {https://ui.adsabs.harvard.edu/abs/2016IAUTA..29..522M},
  doi     = {10.1017/S1743921316000971},
}

@Article{Meier1991,
  author   = {{Meier}, R.~R.},
  title    = {{Ultraviolet spectroscopy and remote sensing of the upper atmosphere}},
  journal  = {\ssr},
  year     = {1991},
  volume   = {58},
  number   = {1},
  pages    = {1-185},
  month    = {Dec},
  adsnote  = {Provided by the SAO/NASA Astrophysics Data System},
  adsurl   = {https://ui.adsabs.harvard.edu/abs/1991SSRv...58....1M},
  doi      = {10.1007/BF01206000},
  keywords = {Airglow, Earth Ionosphere, Remote Sensing, Ultraviolet Spectroscopy, Upper Atmosphere, Absorption Cross Sections, Atmospheric Composition, Dayglow, Earth Magnetosphere, Earth Orbital Environments, Helium, Hydrogen, Light Scattering, Nitric Oxide, Nitrogen, Oxygen Atoms, Photodissociation, Photoionization, Plasmasphere, Geophysics},
}

@Article{Giacconi1962,
  author  = {{Giacconi}, Riccardo and {Gursky}, Herbert and {Paolini}, Frank R. and {Rossi}, Bruno B.},
  title   = {{Evidence for x Rays From Sources Outside the Solar System}},
  journal = {\prl},
  year    = {1962},
  volume  = {9},
  number  = {11},
  month   = {Dec},
  pages   = {439-443},
  doi     = {10.1103/PhysRevLett.9.439},
  adsnote = {Provided by the SAO/NASA Astrophysics Data System},
  adsurl  = {https://ui.adsabs.harvard.edu/abs/1962PhRvL...9..439G},
}

@Article{Penzias1965,
  author   = {{Penzias}, A.~A. and {Wilson}, R.~W.},
  title    = {{A Measurement of Excess Antenna Temperature at 4080 Mc/s.}},
  journal  = {\apj},
  year     = {1965},
  volume   = {142},
  pages    = {419-421},
  month    = {Jul},
  adsnote  = {Provided by the SAO/NASA Astrophysics Data System},
  adsurl   = {https://ui.adsabs.harvard.edu/abs/1965ApJ...142..419P},
  doi      = {10.1086/148307},
  keywords = {Microwave Background, Cosmic Background Radiation},
}

@Article{Leinert1998,
  author   = {{Leinert}, Ch. and {Bowyer}, S. and {Haikala}, L.~K. and {Hanner}, M.~S. and {Hauser}, M.~G. and {Levasseur-Regourd}, A. -Ch. and {Mann}, I. and {Mattila}, K. and {Reach}, W.~T. and {Schlosser}, W. and {Staude}, H.~J. and {Toller}, G.~N. and {Weiland}, J.~L. and {Weinberg}, J.~L. and {Witt}, A.~N.},
  title    = {{The 1997 reference of diffuse night sky brightness}},
  journal  = {\aaps},
  year     = {1998},
  volume   = {127},
  pages    = {1-99},
  month    = {Jan},
  adsnote  = {Provided by the SAO/NASA Astrophysics Data System},
  adsurl   = {https://ui.adsabs.harvard.edu/abs/1998A&AS..127....1L},
  doi      = {10.1051/aas:1998105},
  keywords = {DIFFUSE RADIATION, INTERPLANETARY MEDIUM, ATMOSPHERIC EFFECTS, ASTRONOMICAL DATABASES: MISCELLANEOUS, INFRARED: GENERAL, ULTRAVIOLET: GENERAL},
}

@Article{oconnell1987,
  author   = {{O'Connell}, Robert W.},
  title    = {{Ultraviolet Detection of Very Low Surface-Brightness Objects}},
  journal  = {\aj},
  year     = {1987},
  volume   = {94},
  pages    = {876},
  month    = {Oct},
  adsnote  = {Provided by the SAO/NASA Astrophysics Data System},
  adsurl   = {https://ui.adsabs.harvard.edu/abs/1987AJ.....94..876O},
  doi      = {10.1086/114522},
  keywords = {Astronomical Photometry, Brightness Distribution, Ultraviolet Radiation, Dwarf Galaxies, Energy Distribution, Intergalactic Media, Spiral Galaxies, Astrophysics, ANALYTICAL METHODS, GALAXIES: GENERAL},
}

@Article{Joseph1995,
  author  = {{Joseph}, Charles L.},
  title   = {{UV Image Sensors and Associated Technologies}},
  journal = {Experimental Astronomy},
  year    = {1995},
  volume  = {6},
  number  = {1-2},
  pages   = {97-127},
  month   = {Jan},
  adsnote = {Provided by the SAO/NASA Astrophysics Data System},
  adsurl  = {https://ui.adsabs.harvard.edu/abs/1995ExA.....6...97J},
  doi     = {10.1007/BF00421128},
}

@Article{Moos2000,
  author        = {{Moos}, H.~W. and {Cash}, W.~C. and {Cowie}, L.~L. and {Davidsen}, A.~F. and {Dupree}, A.~K. and {Feldman}, P.~D. and {Friedman}, S.~D. and {Green}, J.~C. and {Green}, R.~F. and {Gry}, C. and {Hutchings}, J.~B. and {Jenkins}, E.~B. and {Linsky}, J.~L. and {Malina}, R.~F. and {Michalitsianos}, A.~G. and {Savage}, B.~D. and {Shull}, J.~M. and {Siegmund}, O.~H.~W. and {Snow}, T.~P. and {Sonneborn}, G. and {Vidal-Madjar}, A. and {Willis}, A.~J. and {Woodgate}, B.~E. and {York}, D.~G. and {Ake}, T.~B. and {Andersson}, B. -G. and {Andrews}, J.~P. and {Barkhouser}, R.~H. and {Bianchi}, L. and {Blair}, W.~P. and {Brownsberger}, K.~R. and {Cha}, A.~N. and {Chayer}, P. and {Conard}, S.~J. and {Fullerton}, A.~W. and {Gaines}, G.~A. and {Grange}, R. and {Gummin}, M.~A. and {Hebrard}, G. and {Kriss}, G.~A. and {Kruk}, J.~W. and {Mark}, D. and {McCarthy}, D.~K. and {Morbey}, C.~L. and {Murowinski}, R. and {Murphy}, E.~M. and {Oegerle}, W.~R. and {Ohl}, R.~G. and {Oliveira}, C. and {Osterman}, S.~N. and {Sahnow}, D.~J. and {Saisse}, M. and {Sembach}, K.~R. and {Weaver}, H.~A. and {Welsh}, B.~Y. and {Wilkinson}, E. and {Zheng}, W.},
  title         = {{Overview of the Far Ultraviolet Spectroscopic Explorer Mission}},
  journal       = {The Astrophysical Journal},
  year          = {2000},
  volume        = {538},
  number        = {1},
  pages         = {L1-L6},
  month         = {Jul},
  adsnote       = {Provided by the SAO/NASA Astrophysics Data System},
  adsurl        = {https://ui.adsabs.harvard.edu/abs/2000ApJ...538L...1M},
  archiveprefix = {arXiv},
  doi           = {10.1086/312795},
  eprint        = {astro-ph/0005529},
  keywords      = {Instrumentation: Spectrographs, Space Vehicles, Telescopes, Ultraviolet: General, Astrophysics},
  primaryclass  = {astro-ph},
}

@Article{Sahnow2000,
  author        = {{Sahnow}, D.~J. and {Moos}, H.~W. and {Ake}, T.~B. and {Andersen}, J. and {Andersson}, B. -G. and {Andre}, M. and {Artis}, D. and {Berman}, A.~F. and {Blair}, W.~P. and {Brownsberger}, K.~R. and {Calvani}, H.~M. and {Chayer}, P. and {Conard}, S.~J. and {Feldman}, P.~D. and {Friedman}, S.~D. and {Fullerton}, A.~W. and {Gaines}, G.~A. and {Gawne}, W.~C. and {Green}, J.~C. and {Gummin}, M.~A. and {Jennings}, T.~B. and {Joyce}, J.~B. and {Kaiser}, M.~E. and {Kruk}, J.~W. and {Lindler}, D.~J. and {Massa}, D. and {Murphy}, E.~M. and {Oegerle}, W.~R. and {Ohl}, R.~G. and {Roberts}, B.~A. and {Romelfanger}, M.~L. and {Roth}, K.~C. and {Sankrit}, R. and {Sembach}, K.~R. and {Shelton}, R.~L. and {Siegmund}, O.~H.~W. and {Silva}, C.~J. and {Sonneborn}, G. and {Vaclavik}, S.~R. and {Weaver}, H.~A. and {Wilkinson}, E.},
  title         = {{On-Orbit Performance of the Far Ultraviolet Spectroscopic Explorer Satellite}},
  journal       = {The Astrophysical Journal},
  year          = {2000},
  volume        = {538},
  number        = {1},
  pages         = {L7-L11},
  month         = {Jul},
  adsnote       = {Provided by the SAO/NASA Astrophysics Data System},
  adsurl        = {https://ui.adsabs.harvard.edu/abs/2000ApJ...538L...7S},
  archiveprefix = {arXiv},
  doi           = {10.1086/312794},
  eprint        = {astro-ph/0005531},
  keywords      = {Instrumentation: Spectrographs, Space Vehicles, Ultraviolet: General, Astrophysics},
  primaryclass  = {astro-ph},
}

@Article{Brune1978,
  author   = {{Brune}, W.~H. and {Feldman}, P.~D. and {Anderson}, R.~C. and {Fastie}, W.~G. and {Henry}, R.~C.},
  title    = {{Midlatitude oxygen ultraviolet nightglow}},
  journal  = {\grl},
  year     = {1978},
  volume   = {5},
  pages    = {383-386},
  month    = {May},
  adsnote  = {Provided by the SAO/NASA Astrophysics Data System},
  adsurl   = {https://ui.adsabs.harvard.edu/abs/1978GeoRL...5..383B},
  doi      = {10.1029/GL005i005p00383},
  keywords = {Midlatitude Atmosphere, Nightglow, Oxygen Afterglow, Radiative Recombination, Rocket Sounding, Ultraviolet Radiation, Altitude, Cosmic Rays, Oxygen Spectra, Recombination Coefficient, Rocket-Borne Instruments, Spectral Emission, Spectrometers, Geophysics, Particles and Fields-Ionosphere: Airglow},
}

@InProceedings{Gondhalekar1990,
  author    = {{Gondhalekar}, P.~M.},
  title     = {{The Ultraviolet Starlight in the Galaxy}},
  booktitle = {The Galactic and Extragalactic Background Radiation},
  year      = {1990},
  editor    = {{Bowyer}, Stuart and {Leinert}, Christoph},
  volume    = {139},
  series    = {IAU Symposium},
  pages     = {49},
  month     = {Jan},
  adsnote   = {Provided by the SAO/NASA Astrophysics Data System},
  adsurl    = {https://ui.adsabs.harvard.edu/abs/1990IAUS..139...49G},
  keywords  = {Cosmic Dust, Light Scattering, Milky Way Galaxy, Stellar Radiation, Ultraviolet Astronomy, Ultraviolet Radiation, Astronomical Models, Star Distribution, Stellar Magnitude, Astrophysics},
}

@Article{Haikala1995,
  author   = {{Haikala}, Lauri K. and {Mattila}, Kalevi and {Bowyer}, Stuart and {Sasseen}, Timothy P. and {Lampton}, Michael and {Knude}, Jens},
  title    = {{Discovery and Imaging of a Galactic Cirrus Cloud with the Far Ultraviolet Space Telescope}},
  journal  = {\apj},
  year     = {1995},
  volume   = {443},
  pages    = {L33},
  month    = {Apr},
  adsnote  = {Provided by the SAO/NASA Astrophysics Data System},
  adsurl   = {https://ui.adsabs.harvard.edu/abs/1995ApJ...443L..33H},
  doi      = {10.1086/187829},
  keywords = {Extinction, Far Ultraviolet Radiation, H Beta Line, Hydrogen Clouds, Milky Way Galaxy, Northern Hemisphere, Ultraviolet Photometry, Brightness Distribution, Data Correlation, Gas Dynamics, Image Analysis, Light Scattering, Monte Carlo Method, Astronomy, ISM: CLOUDS, ISM: DUST, EXTINCTION, ULTRAVIOLET: ISM},
}

@Article{Jo2017,
  author        = {{Jo}, Young-Soo and {Seon}, Kwang-Il and {Min}, Kyoung-Wook and {Edelstein}, Jerry and {Han}, Wonyong},
  title         = {{A Far-ultraviolet Fluorescent Molecular Hydrogen Emission Map of the Milky Way Galaxy}},
  journal       = {\apjs},
  year          = {2017},
  volume        = {231},
  number        = {2},
  pages         = {21},
  month         = {Aug},
  adsnote       = {Provided by the SAO/NASA Astrophysics Data System},
  adsurl        = {https://ui.adsabs.harvard.edu/abs/2017ApJS..231...21J},
  archiveprefix = {arXiv},
  doi           = {10.3847/1538-4365/aa8091},
  eid           = {21},
  eprint        = {1707.04992},
  keywords      = {dust, extinction, ISM: abundances, ISM: molecules, photon-dominated region: PDR, ultraviolet: ISM, Astrophysics - Astrophysics of Galaxies},
  primaryclass  = {astro-ph.GA},
}

@InProceedings{Mattila1990,
  author    = {{Mattila}, K.},
  title     = {{Observations of the Extragalactic Background Light}},
  booktitle = {The Galactic and Extragalactic Background Radiation},
  year      = {1990},
  editor    = {{Bowyer}, Stuart and {Leinert}, Christoph},
  volume    = {139},
  series    = {IAU Symposium},
  pages     = {257},
  month     = {Jan},
  adsnote   = {Provided by the SAO/NASA Astrophysics Data System},
  adsurl    = {https://ui.adsabs.harvard.edu/abs/1990IAUS..139..257M},
  keywords  = {Astronomical Photometry, Background Radiation, Extraterrestrial Radiation, Light (Visible Radiation), Night Sky, Dark Matter, Galactic Evolution, Spectral Energy Distribution, Astronomy},
}

@Article{Mattila1979,
  author   = {{Mattila}, K.},
  title    = {{Optical extinction and surface brightness observations of the dark nebulae LYNDS 134 and LYNDS 1778/1780.}},
  journal  = {\aap},
  year     = {1979},
  volume   = {78},
  pages    = {253-263},
  month    = {Oct},
  adsnote  = {Provided by the SAO/NASA Astrophysics Data System},
  adsurl   = {https://ui.adsabs.harvard.edu/abs/1979A&A....78..253M},
  keywords = {Cosmic Dust, Interstellar Extinction, Nebulae, Stellar Luminosity, Astronomical Maps, Brightness, Electrophotometry, Stellar Spectrophotometry, Telescopes, Astronomy},
}

@Article{Mattila1980,
  author   = {{Mattila}, K.},
  title    = {{Synthetic spectrum of the integrated starlight between 3000 and 10 000 A. Part I. Method of calculation and results.}},
  journal  = {Astronomy and Astrophysics Supplement Series},
  year     = {1980},
  volume   = {39},
  pages    = {53-65},
  month    = {Jan},
  adsnote  = {Provided by the SAO/NASA Astrophysics Data System},
  adsurl   = {https://ui.adsabs.harvard.edu/abs/1980A&AS...39...53M},
  keywords = {Night Sky, Stellar Luminosity, Stellar Spectra, Cosmic Dust, Interstellar Extinction, Milky Way Galaxy, Spectral Energy Distribution, Stellar Models, Tables (Data), Astronomy},
}

@Article{Mattila2017,
  author        = {{Mattila}, K. and {V{\"a}is{\"a}nen}, P. and {Lehtinen}, K. and {von Appen-Schnur}, G. and {Leinert}, Ch.},
  title         = {{Extragalactic background light: a measurement at 400 nm using dark cloud shadow - II. Spectroscopic separation of the dark cloud's light, and results$^{★}$}},
  journal       = {\mnras},
  year          = {2017},
  volume        = {470},
  number        = {2},
  pages         = {2152-2169},
  month         = {Sep},
  adsnote       = {Provided by the SAO/NASA Astrophysics Data System},
  adsurl        = {https://ui.adsabs.harvard.edu/abs/2017MNRAS.470.2152M},
  archiveprefix = {arXiv},
  doi           = {10.1093/mnras/stx1296},
  eprint        = {1705.10790},
  keywords      = {ISM: clouds, dust, extinction, solar neighbourhood - diffuse radiation, cosmology: observations, Astrophysics - Astrophysics of Galaxies},
  primaryclass  = {astro-ph.GA},
}

@Article{Morrison1992,
  author   = {{Morrison}, D. and {Feldman}, P.~D. and {Henry}, R.~C.},
  title    = {{Upper Limits on Spacecraft-Induced Ultraviolet Emissions From the Space Shuttle (STS-61C)}},
  journal  = {Journal of Geophysical Research},
  year     = {1992},
  volume   = {97},
  number   = {A2},
  pages    = {1633-1637},
  month    = {Feb},
  adsnote  = {Provided by the SAO/NASA Astrophysics Data System},
  adsurl   = {https://ui.adsabs.harvard.edu/abs/1992JGR....97.1633M},
  doi      = {10.1029/91JA02753},
  keywords = {Space Shuttle Mission 61-C, Spacecraft Glow, Ultraviolet Emission, Atmospheric Entry, Nightglow, Spectral Bands, Geophysics, Atmospheric Composition and Structure: Airglow and aurora, Ionosphere: Ionosphere/atmosphere interactions},
}

@Article{Broadfoot1977,
  author   = {{Broadfoot}, A.~L. and {Sandel}, B.~R. and {Shemansky}, D.~E. and {Atreya}, S.~K. and {Donahue}, T.~M. and {Moos}, H.~W. and {Bertaux}, J.~L. and {Blamont}, J.~E. and {Ajello}, J.~M. and {Strobel}, D.~F. and {McConnell}, J.~C. and {Dalgarno}, A. and {Goody}, R. and {McElroy}, M.~B. and {Yung}, Y.~L.},
  title    = {{Ultraviolet Spectrometer Experiment for the Voyager Mission}},
  journal  = {Space Science Reviews},
  year     = {1977},
  volume   = {21},
  number   = {2},
  pages    = {183-205},
  month    = {Nov},
  adsnote  = {Provided by the SAO/NASA Astrophysics Data System},
  adsurl   = {https://ui.adsabs.harvard.edu/abs/1977SSRv...21..183B},
  doi      = {10.1007/BF00200850},
  keywords = {Atmospheric Composition, Jupiter Atmosphere, Saturn Atmosphere, Ultraviolet Spectrometers, Uranus (Planet), Voyager Project, Airglow, Atmospheric Radiation, Natural Satellites, Occultation, Remote Sensors, Ultraviolet Astronomy, Lunar and Planetary Exploration},
}

@Article{Edelstein2006,
  author        = {{Edelstein}, J. and {Min}, K. -W. and {Han}, W. and {Korpela}, E.~J. and {Nishikida}, K. and {Welsh}, B.~Y. and {Heiles}, C. and {Adolfo}, J. and {Bowen}, M. and {Feuerstein}, W.~M. and {McKee}, K. and {Lim}, J. -T. and {Ryu}, K. and {Shinn}, J. -H. and {Nam}, U. -W. and {Park}, J. -H. and {Yuk}, I. -S. and {Jin}, H. and {Seon}, K. -I. and {Lee}, D. -H. and {Sim}, E.},
  title         = {{The ``Spectroscopy of Plasma Evolution from Astrophysical Radiation'' Mission}@ARTICLE{2006ApJ...644L.159E, author = {{Edelstein}, J. and {Korpela}, E.~J. and {Adolfo}, J. and {Bowen}, M. and {Feuerstein}, M. and {Hull}, J. and {Jelinsky}, S. and {Nishikida}, K. and {McKee}, K. and {Berg}, P. and {Chung}, R. and {Fischer}, J. and {Min}, K. -W. and {Oh}, S. -H. and {Rhee}, J. -G. and {Ryu}, K. and {Shinn}, J. -H. and {Han}, W. and {Jin}, H. and {Lee}, D. -H. and {Nam}, U. -W. and {Park}, J. -H. and {Seon}, K. -I. and {Yuk}, I. -S.}, title = "{The SPEAR Instrument and On-Orbit Performance}", journal = {The Astrophysical Journal}, keywords = {Instrumentation: Spectrographs, Ultraviolet: ISM, Astrophysics}, year = "2006", month = "Jun", volume = {644}, number = {2}, pages = {L159-L162}, doi = {10.1086/505205}, archivePrefix = {arXiv}, eprint = {astro-ph/0601588}, primaryClass = {astro-ph}, adsurl = {https://ui.adsabs.harvard.edu/abs/2006ApJ...644L.159E}, adsnote = {Provided by the SAO/NASA Astrophysics Data System} }},
  journal       = {\apj},
  year          = {2006},
  volume        = {644},
  number        = {2},
  pages         = {L153-L158},
  month         = {Jun},
  adsnote       = {Provided by the SAO/NASA Astrophysics Data System},
  adsurl        = {https://ui.adsabs.harvard.edu/abs/2006ApJ...644L.153E},
  archiveprefix = {arXiv},
  doi           = {10.1086/505208},
  eprint        = {astro-ph/0601587},
  keywords      = {ISM: General, Ultraviolet: ISM, Astrophysics},
  primaryclass  = {astro-ph},
}

@Article{Edelstein2006b,
  author        = {{Edelstein}, J. and {Korpela}, E.~J. and {Adolfo}, J. and {Bowen}, M. and {Feuerstein}, M. and {Hull}, J. and {Jelinsky}, S. and {Nishikida}, K. and {McKee}, K. and {Berg}, P. and {Chung}, R. and {Fischer}, J. and {Min}, K. -W. and {Oh}, S. -H. and {Rhee}, J. -G. and {Ryu}, K. and {Shinn}, J. -H. and {Han}, W. and {Jin}, H. and {Lee}, D. -H. and {Nam}, U. -W. and {Park}, J. -H. and {Seon}, K. -I. and {Yuk}, I. -S.},
  title         = {{The SPEAR Instrument and On-Orbit Performance}},
  journal       = {\apj},
  year          = {2006},
  volume        = {644},
  number        = {2},
  pages         = {L159-L162},
  month         = {Jun},
  adsnote       = {Provided by the SAO/NASA Astrophysics Data System},
  adsurl        = {https://ui.adsabs.harvard.edu/abs/2006ApJ...644L.159E},
  archiveprefix = {arXiv},
  doi           = {10.1086/505205},
  eprint        = {astro-ph/0601588},
  keywords      = {Instrumentation: Spectrographs, Ultraviolet: ISM, Astrophysics},
  primaryclass  = {astro-ph},
}

@Article{Feldman_hotgas1981,
  author   = {{Feldman}, P.~D. and {Brune}, W.~H. and {Henry}, R.~C.},
  title    = {{Possible detection of far-ultraviolet line emission from a hot galactic corona}},
  journal  = {\apjl},
  year     = {1981},
  volume   = {249},
  pages    = {L51-L54},
  month    = {Oct},
  adsnote  = {Provided by the SAO/NASA Astrophysics Data System},
  adsurl   = {https://ui.adsabs.harvard.edu/abs/1981ApJ...249L..51F},
  doi      = {10.1086/183657},
  keywords = {Background Radiation, Coronas, Far Ultraviolet Radiation, Galactic Radiation, Interstellar Matter, Ultraviolet Spectra, Atomic Excitations, Emission Spectra, High Temperature Plasmas, Line Spectra, Photoionization, Rocket-Borne Instruments, Astrophysics},
}

@Article{Gladstone_lya2018,
  author        = {{Gladstone}, G. Randall and {Pryor}, W.~R. and {Stern}, S. Alan and {Ennico}, Kimberly and {Olkin}, Catherine B. and {Spencer}, John R. and {Weaver}, Harold A. and {Young}, Leslie A. and {Bagenal}, Fran and {Cheng}, Andrew F. and {Cunningham}, Nathaniel J. and {Elliott}, Heather A. and {Greathouse}, Thomas K. and {Hinson}, David P. and {Kammer}, Joshua A. and {Linscott}, Ivan R. and {Parker}, Joel Wm. and {Retherford}, Kurt D. and {Steffl}, Andrew J. and {Strobel}, Darrell F. and {Summers}, Michael E. and {Throop}, Henry and {Versteeg}, Maarten H. and {Davis}, Michael W.},
  title         = {{The Lyman-{\ensuremath{\alpha}} Sky Background as Observed by New Horizons}},
  journal       = {\grl},
  year          = {2018},
  volume        = {45},
  number        = {16},
  pages         = {8022-8028},
  month         = {Aug},
  adsnote       = {Provided by the SAO/NASA Astrophysics Data System},
  adsurl        = {https://ui.adsabs.harvard.edu/abs/2018GeoRL..45.8022G},
  archiveprefix = {arXiv},
  doi           = {10.1029/2018GL078808},
  eprint        = {1808.00400},
  keywords      = {ultraviolet, Lyman alpha, interplanetary medium, Astrophysics - Earth and Planetary Astrophysics},
  primaryclass  = {astro-ph.EP},
}

@Article{Mount_sun1985,
  author   = {{Mount}, G.~H. and {Rottman}, G.~J.},
  title    = {{Solar absolute spectral irradiance 118-300 nm: July 25, 1983}},
  journal  = {\jgr},
  year     = {1985},
  volume   = {90},
  number   = {D7},
  pages    = {13031-13036},
  month    = {Dec},
  adsnote  = {Provided by the SAO/NASA Astrophysics Data System},
  adsurl   = {https://ui.adsabs.harvard.edu/abs/1985JGR....9013031M},
  doi      = {10.1029/JD090iD07p13031},
  keywords = {Insolation, Irradiance, Solar Radiation, Solar Spectra, Calibrating, Lyman Alpha Radiation, Rocket Sounding, Ultraviolet Spectra, Geophysics},
}

@Article{Gordon_Pioneer1998,
  author        = {{Gordon}, Karl D. and {Witt}, Adolf N. and {Friedmann}, Brian C.},
  title         = {{Detection of Extended Red Emission in the Diffuse Interstellar Medium}},
  journal       = {\apj},
  year          = {1998},
  volume        = {498},
  number        = {2},
  pages         = {522-540},
  month         = {May},
  adsnote       = {Provided by the SAO/NASA Astrophysics Data System},
  adsurl        = {https://ui.adsabs.harvard.edu/abs/1998ApJ...498..522G},
  archiveprefix = {arXiv},
  doi           = {10.1086/305571},
  eprint        = {astro-ph/9712032},
  keywords      = {COSMOLOGY: DIFFUSE RADIATION, ISM: DUST, EXTINCTION, ISM: GENERAL, Cosmology: Diffuse Radiation, ISM: Dust, Extinction, ISM: General, Astrophysics},
  primaryclass  = {astro-ph},
}

@Article{France2004,
  author        = {{France}, K. and {McCandliss}, S.~R. and {Burgh}, E.~B. and {Feldman}, P.~D.},
  title         = {{Rocket and Far Ultraviolet Spectroscopic Explorer Observations of IC 405: Differential Extinction and Fluorescent Molecular Hydrogen}},
  journal       = {\apj},
  year          = {2004},
  volume        = {616},
  number        = {1},
  pages         = {257-265},
  month         = {Nov},
  adsnote       = {Provided by the SAO/NASA Astrophysics Data System},
  adsurl        = {https://ui.adsabs.harvard.edu/abs/2004ApJ...616..257F},
  archiveprefix = {arXiv},
  doi           = {10.1086/424813},
  eprint        = {astro-ph/0409291},
  keywords      = {ISM: Dust, Extinction, ISM: Individual: Alphanumeric: IC 405, ISM: Molecules, ISM: Reflection Nebulae, Ultraviolet: ISM, Astrophysics},
  primaryclass  = {astro-ph},
}

@Article{france2005,
  author        = {{France}, K. and {Andersson}, B. -G. and {McCandliss}, S.~R. and {Feldman}, P.~D.},
  title         = {{Fluorescent Molecular Hydrogen Emission in IC 63: FUSE, Hopkins Ultraviolet Telescope, and Rocket Observations}},
  journal       = {\apj},
  year          = {2005},
  volume        = {628},
  number        = {2},
  pages         = {750-757},
  month         = {Aug},
  adsnote       = {Provided by the SAO/NASA Astrophysics Data System},
  adsurl        = {https://ui.adsabs.harvard.edu/abs/2005ApJ...628..750F},
  archiveprefix = {arXiv},
  doi           = {10.1086/430878},
  eprint        = {astro-ph/0504166},
  keywords      = {ISM: Individual: Alphanumeric: IC 63, ISM: Molecules, ISM: Reflection Nebulae, Stars: Individual: Henry Draper Number: HD 5394, Ultraviolet: ISM, Astrophysics},
  primaryclass  = {astro-ph},
}

@Article{France2005b,
  author        = {{France}, K. and {McCandliss}, S.~R.},
  title         = {{Molecular Hydrogen in Orion as Observed by the Far Ultraviolet Spectroscopic Explorer}},
  journal       = {\apjl},
  year          = {2005},
  volume        = {629},
  number        = {2},
  pages         = {L97-L100},
  month         = {Aug},
  adsnote       = {Provided by the SAO/NASA Astrophysics Data System},
  adsurl        = {https://ui.adsabs.harvard.edu/abs/2005ApJ...629L..97F},
  archiveprefix = {arXiv},
  doi           = {10.1086/462404},
  eprint        = {astro-ph/0507377},
  keywords      = {ISM: Individual: Messier Number: M42, ISM: Molecules, ISM: Reflection Nebulae, Ultraviolet: ISM, Astrophysics},
  primaryclass  = {astro-ph},
}

@Article{Mattila_EBL2019,
  author        = {{Mattila}, Kalevi and {V{\"a}is{\"a}nen}, Petri},
  title         = {{Extragalactic background light: inventory of light throughout the cosmic history}},
  journal       = {Contemporary Physics},
  year          = {2019},
  volume        = {60},
  number        = {1},
  pages         = {23-44},
  month         = {Jan},
  adsnote       = {Provided by the SAO/NASA Astrophysics Data System},
  adsurl        = {https://ui.adsabs.harvard.edu/abs/2019ConPh..60...23M},
  archiveprefix = {arXiv},
  doi           = {10.1080/00107514.2019.1586130},
  eprint        = {1905.08825},
  keywords      = {Galaxy evolution, cosmology, Olbers' Paradox, Light of the Night Sky, Astrophysics - Astrophysics of Galaxies, Astrophysics - Cosmology and Nongalactic Astrophysics},
  primaryclass  = {astro-ph.GA},
}

@Article{Cao_moon2011,
  author   = {{Cao}, Li and {Ruan}, Ping and {Cai}, HongBo and {Deng}, JinSong and {Hu}, JingYao and {Jiang}, Xiaojun and {Liu}, Zhaohui and {Qiu}, Yulei and {Wang}, Jing and {Wang}, Shen and {Yang}, Jianfeng and {Zhao}, Fei and {Wei}, Jianyan},
  title    = {{LUT: A lunar-based ultraviolet telescope}},
  journal  = {Science China Physics, Mechanics, and Astronomy},
  year     = {2011},
  volume   = {54},
  number   = {3},
  pages    = {558-562},
  month    = {Mar},
  adsnote  = {Provided by the SAO/NASA Astrophysics Data System},
  adsurl   = {https://ui.adsabs.harvard.edu/abs/2011SCPMA..54..558C},
  doi      = {10.1007/s11433-011-4255-7},
  keywords = {ultraviolet, space-based ultraviolet telescope, photometric instrumentation, lunar probe},
}

@Article{zemcov_nh2018,
  author        = {{Zemcov}, Michael and {Arcavi}, Iair and {Arendt}, Richard and {Bachelet}, Etienne and {Ram Chary}, Ranga and {Cooray}, Asantha and {Dragomir}, Diana and {Conn Henry}, Richard and {Lisse}, Carey and {Matsuura}, Shuji and {Murthy}, Jayant and {Nguyen}, Chi and {Poppe}, Andrew R. and {Street}, Rachel and {Werner}, Michael},
  title         = {{Astrophysics with New Horizons: Making the Most of a Generational Opportunity}},
  journal       = {\pasp},
  year          = {2018},
  volume        = {130},
  number        = {993},
  pages         = {115001},
  month         = {Nov},
  adsnote       = {Provided by the SAO/NASA Astrophysics Data System},
  adsurl        = {https://ui.adsabs.harvard.edu/abs/2018PASP..130k5001Z},
  archiveprefix = {arXiv},
  doi           = {10.1088/1538-3873/aadb77},
  eprint        = {1802.09536},
  keywords      = {Astrophysics - Instrumentation and Methods for Astrophysics, Astrophysics - Cosmology and Nongalactic Astrophysics, Astrophysics - Earth and Planetary Astrophysics, Astrophysics - Astrophysics of Galaxies, Astrophysics - Solar and Stellar Astrophysics},
  primaryclass  = {astro-ph.IM},
}

@Article{Lillie1969,
  author  = {{Lillie}, C.~F. and {Witt}, A.~N.},
  title   = {{A Search for Diffuse Galactic Light in the Spectral Region {\ensuremath{\lambda}}{\ensuremath{\lambda}}2100-2800 {\r{A}}}},
  journal = {\aplett},
  year    = {1969},
  volume  = {3},
  pages   = {201},
  month   = {Jan},
  adsnote = {Provided by the SAO/NASA Astrophysics Data System},
  adsurl  = {https://ui.adsabs.harvard.edu/abs/1969ApL.....3..201L},
}

@Article{Henry_dust1978,
  author   = {{Henry}, R.~C. and {Anderson}, R. and {Feldman}, P.~D. and {Fastie}, W.~G.},
  title    = {{Far-ultraviolet studies. III. A search for light scattered at large angles by dust.}},
  journal  = {\apj},
  year     = {1978},
  volume   = {222},
  pages    = {902-908},
  month    = {Jun},
  adsnote  = {Provided by the SAO/NASA Astrophysics Data System},
  adsurl   = {https://ui.adsabs.harvard.edu/abs/1978ApJ...222..902H},
  doi      = {10.1086/156208},
  keywords = {Cosmic Dust, Far Ultraviolet Radiation, Interstellar Matter, Light Scattering, Stellar Radiation, Angles (Geometry), Apollo 17 Flight, Astronomical Spectroscopy, Granular Materials, Ultraviolet Spectrometers, Astrophysics, Galaxy:UV Spectrophotometry, Interstellar Matter:Scattering},
}

@Article{Henry_ngp1978,
  author   = {{Henry}, R.~C. and {Feldman}, P.~D. and {Fastie}, W.~G. and {Weinstein}, A.},
  title    = {{Far-ultraviolet studies. IV. Spectroscopy of north and south galactic pole regions observed from Apollo 17.}},
  journal  = {\apj},
  year     = {1978},
  volume   = {223},
  pages    = {437-446},
  month    = {Jul},
  adsnote  = {Provided by the SAO/NASA Astrophysics Data System},
  adsurl   = {https://ui.adsabs.harvard.edu/abs/1978ApJ...223..437H},
  doi      = {10.1086/156278},
  keywords = {Astronomical Spectroscopy, Far Ultraviolet Radiation, Milky Way Galaxy, Ultraviolet Astronomy, Apollo 17 Flight, Background Radiation, Dense Plasmas, High Temperature Plasmas, Intergalactic Media, ULTRAVIOLET, SPECTROSCOPY, POLAR REGIONS, X-RAY, SPECTRUM, GALAXIES, APOLLO 17, MODELS, EARTH, EMISSIONS, RADIATION, PLASMAS, Astronomy; Moon, Galactic Poles:UV Spectra, UV Background: Cosmic},
}

@Article{Cole1999,
  author        = {{Cole}, Andrew A. and {Nordsieck}, Kenneth H. and {Gibson}, Steven J. and {Harris}, Walter M.},
  title         = {{Ultraviolet Imaging Polarimetry of the Large Magellanic Cloud. I. Observations}},
  journal       = {\aj},
  year          = {1999},
  volume        = {118},
  number        = {5},
  pages         = {2280-2291},
  month         = {Nov},
  adsnote       = {Provided by the SAO/NASA Astrophysics Data System},
  adsurl        = {https://ui.adsabs.harvard.edu/abs/1999AJ....118.2280C},
  archiveprefix = {arXiv},
  doi           = {10.1086/301104},
  eprint        = {astro-ph/9909136},
  keywords      = {ISM: STRUCTURE, GALAXIES: MAGELLANIC CLOUDS, PHYSICAL DATA AND PROCESSES, STARS: EARLY-TYPE, ULTRAVIOLET EMISSION, Astrophysics},
  primaryclass  = {astro-ph},
}

@Article{Murthy_Orion2005,
  author        = {{Murthy}, Jayant and {Sahnow}, David J. and {Henry}, R.~C.},
  title         = {{Intense Diffuse Far-Ultraviolet Emission from the Orion Nebula}},
  journal       = {\apjl},
  year          = {2005},
  volume        = {618},
  number        = {2},
  pages         = {L99-L102},
  month         = {Jan},
  adsnote       = {Provided by the SAO/NASA Astrophysics Data System},
  adsurl        = {https://ui.adsabs.harvard.edu/abs/2005ApJ...618L..99M},
  archiveprefix = {arXiv},
  doi           = {10.1086/427823},
  eprint        = {astro-ph/0411482},
  keywords      = {ISM: General, Astrophysics},
  primaryclass  = {astro-ph},
}

@Article{Akshaya2019,
  author        = {{Akshaya}, M.~S. and {Murthy}, Jayant and {Ravichandran}, S. and {Henry}, R.~C. and {Overduin}, James},
  title         = {{Components of the Diffuse Ultraviolet Radiation at High Latitudes}},
  journal       = {\mnras},
  volume = {489},
  number = {1},
  pages = {1120-1126},
  year = {2019},
  month = {08},
  adsnote       = {Provided by the SAO/NASA Astrophysics Data System},
  adsurl        = {https://ui.adsabs.harvard.edu/abs/2019MNRAS.tmp.2102A},
  archiveprefix = {arXiv},
  doi           = {10.1093/mnras/stz2186},
  eprint        = {1908.02260},
  keywords      = {dust, extinction, ISM: clouds, diffuse radiation, ultraviolet: ISM, Astrophysics - Astrophysics of Galaxies},
  primaryclass  = {astro-ph.GA},
}

@Article{Kurt1968,
  author  = {{Kurt}, V.~G. and {Syunyaev}, R.~A.},
  title   = {{Observations and Interpretation of the Ultraviolet Radiation of the Galaxy.}},
  journal = {\sovast},
  year    = {1968},
  volume  = {11},
  pages   = {928},
  month   = {Jun},
  adsnote = {Provided by the SAO/NASA Astrophysics Data System},
  adsurl  = {https://ui.adsabs.harvard.edu/abs/1968SvA....11..928K},
}

@Article{Mattila1976,
  author   = {{Mattila}, K.},
  title    = {{On the measurement of the extragalactic background brightness at 4000 {\r{A}}.}},
  journal  = {\aap},
  year     = {1976},
  volume   = {47},
  pages    = {77-95},
  month    = {Feb},
  adsnote  = {Provided by the SAO/NASA Astrophysics Data System},
  adsurl   = {https://ui.adsabs.harvard.edu/abs/1976A&A....47...77M},
  keywords = {Background Radiation, Galactic Evolution, Intergalactic Media, Nebulae, Night Sky, Sky Brightness, Astronomical Spectroscopy, Cosmology, Electrophotometry, Light Scattering, Screen Effect, Spectral Energy Distribution, Astronomy},
}

@Article{Roach1968,
  author   = {Roach, F. E. and Smith, L. L.},
  title    = {{An Observational Search for Cosmic Light}},
  journal  = {Geophysical Journal International},
  year     = {1968},
  volume   = {15},
  number   = {1-2},
  pages    = {227-239},
  month    = {06},
  issn     = {0956-540X},
  abstract = {{A total of 28 500 observations of the zenith sky made at three mid-latitude stations is analysed for the purpose of extracting the diffuse light from the totality of extra-galactic light sources. It is not possible to obtain a value for absolute brightness of this cosmic light but an estimate of the upper limit is given, namely the equivalent of 5 stars of visual magnitude 10 per square degree (26·0 mag. (vis)/square second). It is suggested that a definitive measurement should be possible from observations in the near infra-red made from a spacecraft sufficiently far from the plane of the ecliptic to be effectively out of the zodiacal dust cloud.}},
  doi      = {10.1111/j.1365-246X.1968.tb05760.x},
  eprint   = {http://oup.prod.sis.lan/gji/article-pdf/15/1-2/227/1615758/15-1-2-227.pdf},
  url      = {https://doi.org/10.1111/j.1365-246X.1968.tb05760.x},
}

@Article{Spinrad1978,
  author   = {{Spinrad}, H. and {Stone}, R.~P.~S.},
  title    = {{An upper limit to the extragalactic background light.}},
  journal  = {\apj},
  year     = {1978},
  volume   = {226},
  pages    = {609-612},
  month    = {Dec},
  adsnote  = {Provided by the SAO/NASA Astrophysics Data System},
  adsurl   = {https://ui.adsabs.harvard.edu/abs/1978ApJ...226..609S},
  doi      = {10.1086/156645},
  keywords = {Background Radiation, Extraterrestrial Radiation, Galactic Evolution, Galactic Radiation, Sky Brightness, Astronomical Models, Background Noise, Extinction, Meteoroid Dust Clouds, Astrophysics, Background Radiation:Cosmic},
}

@Article{Dube1977,
  author  = {{Dube}, Roger R. and {Wickes}, William C. and {Wilkinson}, David T.},
  title   = {{Extragalactic Background Light at 5100 AA}},
  journal = {\apjl},
  year    = {1977},
  volume  = {215},
  pages   = {L51},
  month   = {Jul},
  adsnote = {Provided by the SAO/NASA Astrophysics Data System},
  adsurl  = {https://ui.adsabs.harvard.edu/abs/1977ApJ...215L..51D},
  doi     = {10.1086/182475},
}

@Article{Dube1979,
  author   = {{Dube}, R.~R. and {Wickes}, W.~C. and {Wilkinson}, D.~T.},
  title    = {{Upper limit on the extragalactic background light.}},
  journal  = {\apj},
  year     = {1979},
  volume   = {232},
  pages    = {333-340},
  month    = {Sep},
  adsnote  = {Provided by the SAO/NASA Astrophysics Data System},
  adsurl   = {https://ui.adsabs.harvard.edu/abs/1979ApJ...232..333D},
  doi      = {10.1086/157292},
  keywords = {Background Radiation, Extraterrestrial Radiation, Galactic Evolution, Light (Visible Radiation), Airglow, Astronomical Photometry, Cosmology, Focal Plane Devices, Fraunhofer Lines, Sky Brightness, Zodiacal Light, Astrophysics, Background Radiation, Background Radiation:Cosmology},
}

@InBook{Lillie1972,
  pages     = {583},
  title     = {{The Extragalactic Component of the Ultraviolet Sky Brightness}},
  year      = {1972},
  author    = {{Lillie}, Charles F.},
  volume    = {310},
  adsnote   = {Provided by the SAO/NASA Astrophysics Data System},
  adsurl    = {https://ui.adsabs.harvard.edu/abs/1972NASSP.310..583L},
  booktitle = {Scientific results from the orbiting astronomical observatory (OAO-2) Proceedings of a Symposium, held in Amherst, Mass., August 23-24, 1971, Washington: NASA, 1972, edited by Code, Arthur D., p.583},
}
@ARTICLE{Boughn1986,
       author = {{Boughn}, S.~P. and {Kuhn}, J.~R.},
        title = "{A Search for Extragalactic Background Light Using the Dark Cloud L134}",
      journal = {\apj},
     keywords = {Astronomical Photometry, Background Radiation, Cosmology, Extraterrestrial Radiation, Molecular Clouds, Infrared Photometry, Light (Visible Radiation), Astronomy, COSMOLOGY, PHOTOMETRY},
         year = "1986",
        month = "Oct",
       volume = {309},
        pages = {33},
          doi = {10.1086/164574},
       adsurl = {https://ui.adsabs.harvard.edu/abs/1986ApJ...309...33B},
      adsnote = {Provided by the SAO/NASA Astrophysics Data System}
}
@INPROCEEDINGS{Mattila2012,
       author = {{Mattila}, Kalevi and {Lehtinen}, Kimmo and {V{\"a}is{\"a}nen}, Petri and
         {von Appen-Schnur}, Gerhard and {Leinert}, Christoph},
        title = "{Spectrophotometric measurement of the Extragalacic Background Light}",
     keywords = {Cosmology: diffuse radiation, Galaxy: solar neighborhood, Astrophysics - Cosmology and Nongalactic Astrophysics},
    booktitle = {The Spectral Energy Distribution of Galaxies - SED 2011},
         year = "2012",
       editor = {{Tuffs}, Richard J. and {Popescu}, Cristina C.},
       series = {IAU Symposium},
       volume = {284},
        month = "Aug",
        pages = {429-436},
          doi = {10.1017/S174392131200957X},
archivePrefix = {arXiv},
       eprint = {1111.6747},
 primaryClass = {astro-ph.CO},
       adsurl = {https://ui.adsabs.harvard.edu/abs/2012IAUS..284..429M},
      adsnote = {Provided by the SAO/NASA Astrophysics Data System}
}

@ARTICLE{Mattila2017II,
       author = {{Mattila}, K. and {Lehtinen}, K. and {V{\"a}is{\"a}nen}, P. and
         {von Appen-Schnur}, G. and {Leinert}, Ch.},
        title = "{Extragalactic background light: a measurement at 400 nm using dark cloud shadow*$^{{\textdagger}}$- I. Low surface brightness spectrophotometry in the area of Lynds 1642}",
      journal = {\mnras},
     keywords = {ISM: clouds: Lynds 1642, dust, extinction, solar neighbourhood, diffuse radiation, cosmology: observations, Astrophysics - Cosmology and Nongalactic Astrophysics},
         year = "2017",
        month = "Sep",
       volume = {470},
       number = {2},
        pages = {2133-2151},
          doi = {10.1093/mnras/stx1295},
archivePrefix = {arXiv},
       eprint = {1705.10681},
 primaryClass = {astro-ph.CO},
       adsurl = {https://ui.adsabs.harvard.edu/abs/2017MNRAS.470.2133M},
      adsnote = {Provided by the SAO/NASA Astrophysics Data System}
}

@ARTICLE{Murthy1990,
       author = {{Murthy}, J. and {Henry}, R.~C. and {Feldman}, P.~D. and
         {Tennyson}, P.~D.},
        title = "{Observations of the diffuse near-UV radiation field.}",
      journal = {\aap},
     keywords = {Diffuse Radiation, Interplanetary Medium, Near Ultraviolet Radiation, Radiation Distribution, Relic Radiation, Background Radiation, Cosmic Dust, Interstellar Matter, Zodiacal Light, Space Radiation},
         year = "1990",
        month = "May",
       volume = {231},
        pages = {187-198},
       adsurl = {https://ui.adsabs.harvard.edu/abs/1990A&A...231..187M},
      adsnote = {Provided by the SAO/NASA Astrophysics Data System}
}

@INPROCEEDINGS{Murthy1997,
       author = {{Murthy}, J. and {Allen}, M.~M. and {Daniels}, J. and {Dring}, A.~R. and
         {Newcomer}, R.~E. and {Henry}, R.~C. and {Paxton}, L. and
         {Tedesco}, E. and {Price}, S.~D.},
        title = "{UVISI Observations of the Galactic Plane}",
    booktitle = {American Astronomical Society Meeting Abstracts \#190},
         year = "1997",
       series = {American Astronomical Society Meeting Abstracts},
       volume = {190},
        month = "May",
          eid = {43.06},
        pages = {43.06},
       adsurl = {https://ui.adsabs.harvard.edu/abs/1997AAS...190.4306M},
      adsnote = {Provided by the SAO/NASA Astrophysics Data System}
}

@ARTICLE{Leinert1995,
       author = {{Leinert}, C. and {Vaisanen}, P. and {Mattila}, K. and {Lehtinen}, K.},
        title = "{Measurements of sky brightness at the Calar Alto Observatory.}",
      journal = {\aaps},
     keywords = {ATMOSPHERIC EFFECTS, SITE TESTING},
         year = "1995",
        month = "Jul",
       volume = {112},
        pages = {99},
       adsurl = {https://ui.adsabs.harvard.edu/abs/1995A&AS..112...99L},
      adsnote = {Provided by the SAO/NASA Astrophysics Data System}
}

@ARTICLE{Mattila1996,
       author = {{Mattila}, K. and {Vaeisaenen}, P. and {Appen-Schnur}, G.~F.~O.~V.},
        title = "{Sky brightness at the ESO La Silla Observatory 1978 to 1988.}",
      journal = {\aaps},
     keywords = {ATMOSPHERIC EFFECTS, SITE TESTING, TECHNIQUES: PHOTOMETRIC, INTERPLANETARY MEDIUM},
         year = "1996",
        month = "Oct",
       volume = {119},
        pages = {153-170},
       adsurl = {https://ui.adsabs.harvard.edu/abs/1996A&AS..119..153M},
      adsnote = {Provided by the SAO/NASA Astrophysics Data System}
}

@ARTICLE{Waller1995,
       author = {{Waller}, W.~H. and {Marsh}, M. and {Bohlin}, R.~C. and
         {Cornett}, R.~H. and {Dixon}, W.~V. and {Isensee}, J.~E. and
         {Murthy}, J. and {O'Connell}, R.~W. and {Roberts}, M.~S. and
         {Smith}, A.~M. and {Stecher}, T.~P.},
        title = "{The Ultraviolet Sky as Observed by the Shuttle-Borne Ultraviolet Imaging Telescope}",
      journal = {\aj},
     keywords = {ULTRAVIOLET GENERAL, TELESCOPES, ULTRAVIOLET: SOLAR SYSTEM},
         year = "1995",
        month = "Sep",
       volume = {110},
        pages = {1255},
          doi = {10.1086/117601},
       adsurl = {https://ui.adsabs.harvard.edu/abs/1995AJ....110.1255W},
      adsnote = {Provided by the SAO/NASA Astrophysics Data System}
}


@ARTICLE{Murthy2001,
       author = {{Murthy}, Jayant and {Henry}, R.~C. and {Paxton}, L.~J. and
         {Price}, S.~D.},
        title = "{MSX Observations of Diffuse UV Emission in Orion}",
      journal = {BASI},
     keywords = {REFLECTION NEBULAE, ULTRAVIOLET: ISM, ISM: CLOUDS, DUST, EXTINCTION, Astrophysics},
         year = "2001",
        month = "Dec",
       volume = {29},
        pages = {563-575},
archivePrefix = {arXiv},
       eprint = {astro-ph/0112470},
 primaryClass = {astro-ph},
       adsurl = {https://ui.adsabs.harvard.edu/abs/2001BASI...29..563M},
      adsnote = {Provided by the SAO/NASA Astrophysics Data System}
}


@ARTICLE{Bernstein2002,
       author = {{Bernstein}, Rebecca A. and {Freedman}, Wendy L. and {Madore}, Barry F.},
        title = "{The First Detections of the Extragalactic Background Light at 3000, 5500, and 8000 {\r{A}}. I. Results}",
      journal = {\apj},
     keywords = {Cosmology: Observations, Cosmology: Diffuse Radiation, ISM: Dust, Extinction- Galaxies: Photometry, Interplanetary Medium, Techniques: Photometric, Astrophysics},
         year = "2002",
        month = "May",
       volume = {571},
       number = {1},
        pages = {56-84},
          doi = {10.1086/339422},
archivePrefix = {arXiv},
       eprint = {astro-ph/0112153},
 primaryClass = {astro-ph},
       adsurl = {https://ui.adsabs.harvard.edu/abs/2002ApJ...571...56B},
      adsnote = {Provided by the SAO/NASA Astrophysics Data System}
}
@ARTICLE{Henry1977ApJ,
       author = {{Henry}, R.~C. and {Swandic}, J.~R. and {Shulman}, S.~D. and {Fritz}, G.},
        title = "{Far-ultraviolet studies. II. Galactic-latitude dependence of the 1530 {\r{A}} interstellar radiation field.}",
      journal = {\apj},
     keywords = {Far Ultraviolet Radiation, Interstellar Radiation, Latitude, Sky Brightness, Stellar Radiation, A Stars, B Stars, Electromagnetic Scattering, Interstellar Matter, Radiant Flux Density, Astrophysics},
         year = "1977",
        month = "Mar",
       volume = {212},
        pages = {707-713},
          doi = {10.1086/155095},
       adsurl = {https://ui.adsabs.harvard.edu/abs/1977ApJ...212..707H},
      adsnote = {Provided by the SAO/NASA Astrophysics Data System}
}


@Comment{jabref-meta: databaseType:bibtex;}
